3024 4710
254 281 313 342 164
647 293 685 336 111
709 283 751 350 20,
770 283 892 334 16-41

318 446 473 529 Sequitur
496 447 535 510 de
558 444 661 528 captis
683 443 832 528 pecuniis
855 443 950 506 etde
972 442 1108 506 ambitu.
1139 421 1349 526 legesque²⁰

252 573 325 614 cum
342 549 445 633 magis
456 548 587 611 iudiciis
600 569 697 631 quam
708 547 817 611 uerbis
834 547 1026 610 sanciendae
1039 545 1117 622 sint,
1134 517 1347 629 adiungi-¹16

251 665 306 716 tur
325 653 476 716 noxiae
498 673 627 736 poena
648 673 720 735 par
743 663 849 726 esto,
873 660 911 712 ut
929 650 1040 714 insuo
1056 649 1137 712 uitio
1153 648 1291 732 quisque

252 756 428 840 plectatur,
454 755 505 818 uis
529 755 646 838 capite,
671 753 807 818 auaritia
829 752 949 829 multa,
975 752 1107 816 honoris
1130 751 1292 835 cupiditas

224 859 432 944 aignominia
462 857 637 922 sanciatur.
679 868 840 920 extremae
868 855 957 938 leges
989 866 1066 918 sunt
1100 855 1194 918 nobis
1222 877 1291 918 non

252 963 405 1038 uaitatae,¹
427 963 474 1026 rei
492 961 643 1045 publicae
657 959 868 1024 necessariae.
893 958 1004 1042 legum
1020 958 1199 1022 custodiam
1213 958 1292 1020 nul-

253 1065 320 1129 lam
342 1065 512 1142 habemus,
536 1065 647 1147 itaque
670 1084 727 1127 eae
749 1061 839 1146 leges
863 1073 957 1138 sunt,
989 1083 1069 1145 quas
1093 1061 1291 1146 apparitores

254 1168 357 1232 nostri
372 1167 508 1256 uolunt:
535 1189 554 1230 a
574 1165 714 1230 librariis
737 1165 889 1250 petimus,
914 1164 1055 1248 publicis
1068 1164 1184 1228 litteris
1207 1185 1291 1226 con-

254 1271 415 1354 signatam
436 1268 626 1334 memoriam
647 1267 812 1352 publicam
827 1267 953 1331 nullam
974 1267 1145 1332 habemus.
1171 1265 1291 1330 Graeci

215 1373 315 1436 rohoc
343 1372 552 1456 diligentius,
584 1372 672 1456 apud
699 1391 780 1454 quos
814 1367 1047 1458 νομοφύλακες
1079 1370 1288 1445 creabantur3

251 1497 311 1539 nec
333 1476 364 1540 ei
386 1476 492 1540 solum
513 1476 651 1574 litffiras,
674 1495 751 1538 nam
773 1473 808 1536 id
829 1473 962 1556 quidem
984 1473 1082 1536 etiam
1105 1473 1199 1557 apud¹
1214 1493 1291 1536 ma-

250 1579 333 1643 iores
356 1589 483 1643 nostros
506 1589 585 1656 erat,
617 1578 674 1642 sed
697 1577 794 1642 etiam
815 1577 900 1640 facta
930 1577 1102 1640 hominurn
1132 1577 1290 1640 obserua-

250 1684 331 1746 bant
352 1683 394 1746 ad
414 1682 568 1765 legesque
590 1681 798 1745 reuocabent.
831 1681 911 1762 haec
927 1681 1021 1744 detur
1043 1701 1119 1744 cura
1141 1678 1345 1744 censori-47

251 1787 325 1862 bus,
350 1785 481 1868 quando
496 1783 628 1867 quidem
651 1805 706 1848 eos
728 1784 763 1846 in
786 1803 820 1847 re
842 1765 976 1867 publica
990 1803 1115 1866 semper
1137 1779 1291 1845 uolumus

215 1907 239 1948 ra
252 1909 339 1952 esse:
373 1888 461 1971 apud
484 1887 633 1966 eosdem,
664 1887 721 1970 qui
742 1887 934 1970 magistratu
957 1873 1114 1961 abierint,
1138 1885 1238 1948 edant
1260 1894 1292 1946 et

251 2000 429 2074 exponant,
453 1991 532 2072 quid
553 1990 590 2052 in
612 1989 804 2074 magistratu
824 1989 995 2074 gesserint,
1020 1989 1124 2071 deque
1145 1987 1187 2050 iis
1209 2008 1291 2051 cen-

251 2113 339 2157 sores
361 2092 596 2177 praeiudicant.
636 2093 699 2156 hoc
726 2094 762 2156 in
784 2091 924 2156 Graecia
945 2093 983 2154 fit
1010 2086 1140 2175 publice
1164 2091 1291 2162 consti-

252 2197 331 2260 tutis
354 2197 615 2274 accusatoribus,
647 2196 703 2278 qui
727 2195 859 2280 quidem
880 2215 998 2278 graues
1026 2215 1097 2258 esse
1119 2215 1186 2256 non
1208 2214 1291 2277 pos—

252 2310 345 2375 sunt,
381 2298 458 2361 nisi'
477 2311 553 2363 sunt
582 2298 781 2376 uoluntarii;
819 2297 969 2382 quocirca
997 2295 1114 2360 melius
1148 2297 1291 2359 rationes

254 2465 380 2538 parromi
387 2467 477 2536 ttcrurs
492 2468 518 2522 se
537 2473 559 2518 A
629 2470 727 2540 aquun
744 2472 772 2525 B
842 2467 946 2523 cunoni
958 2467 995 2536 B,
1015 2467 1044 2522 in
1056 2473 1083 2522 A
1101 2469 1236 2522 obscurum
1253 2473 1292 2520 eet

308 2555 339 2606 15
358 2553 472 2608 sentiret
488 2551 613 2609 editiones
630 2555 760 2610 sennrem
778 2560 805 2610 A
823 2553 923 2609 sennr'e
940 2557 968 2610 Β
1086 2559 1096 2606 1
1119 2552 1212 2624 sequr'i
1235 2553 1259 2619 Γ
1277 2570 1293 2604 e

253 2645 320 2706 corr)
341 2645 367 2695 A
386 2639 476 2710 sequit
496 2643 519 2704 (τ
536 2658 595 2694 corr
613 2643 641 2694 in
659 2641 684 2706 d)
706 2642 734 2695 B
837 2639 949 2695 ambitu.
971 2629 1100 2710 legesque
1118 2656 1179 2693 cum
1197 2636 1294 2709 amirei

253 2726 333 2780 abnu
355 2730 372 2789 tr
391 2747 404 2780 e
422 2727 490 2789 corr)
511 2723 647 2806 legisque
664 2729 695 2781 cir
718 2729 770 2794 (eie)
785 2732 812 2781 A
831 2727 940 2781 ambian
959 2723 1048 2797 legrsq
1067 2729 1099 2780 cri
1117 2727 1145 2780 Β
1217 2726 1292 2780 Cete-

252 2829 311 2866 ram
330 2829 382 2883 que
401 2813 429 2866 in
447 2813 562 2868 transitu
579 2813 615 2866 ad
631 2831 726 2866 nouam
744 2831 800 2866 rem
816 2814 972 2883 peniteret
988 2830 1075 2882 caepe,
1095 2813 1165 2864 uelut
1174 2829 1201 2880 p.
1219 2811 1292 2876 88‚5

253 2899 378 2968 quodibi
394 2899 522 2952 Batiam
541 2901 668 2968 neclexit:
689 2903 725 2968 cs.
746 2897 903 2968 Madeea’qa'ae
920 2899 951 2952 de
958 2899 1014 2968 fin.
1036 2899 1091 2952 ΠΙ
1102 2899 1144 2960 22,
1160 2899 1192 2948 73

252 2987 266 3036 2
281 2982 423 3064 fancrendq
443 2977 459 3036 Γ
471 2985 535 3038 AB
624 2985 679 3064 sint
702 2983 834 3040 Victorius
915 2985 932 3035 3
950 3001 1032 3038 noxre
1050 2999 1139 3054 paena
1157 2983 1194 3046 B,
1214 2981 1242 3034 in
1260 2986 1289 3036 A

246 3073 312 3142 sere
330 3071 442 3124 arcaida
524 3069 678 3140 partaaesro
700 3074 756 3140 <par
774 3071 802 3124 ia
820 3071 889 3124 exitu
906 3087 998 3124 aeruca
1016 3087 1033 3122 c
1051 3087 1111 3124 corr
1127 3067 1188 3130 ada]
1210 3069 1238 3118 A

252 3171 329 3224 utin
348 3173 471 3228 editiones
488 3174 513 3226 &
531 3189 560 3226 ru
578 3175 640 3228 AB
708 3189 780 3226 enno
799 3174 827 3227 Β
914 3175 1040 3227 tenena
1057 3173 1085 3226 Β
1103 3144 1195 3226 suarii
1211 3176 1237 3226 A

252 3275 360 3344 cupreas
375 3276 403 3330 B
422 3240 530 3346 cupiias
550 3279 575 3339 tu
594 3257 745 3340 incasura)
768 3281 794 3331 A
899 3277 914 3327 5
933 3275 1077 3343 santnetur
1094 3279 1119 3330 A
1139 3271 1244 3330 fenerat
1260 3276 1291 3329 Β

304 3377 425 3414 extreme
444 3359 504 3413 AB
591 3361 606 3414 ri
625 3359 707 3416 snare
725 3363 753 3417 B
772 3360 806 3412 ri*
825 3360 926 3440 uiuere
944 3367 970 3416 A
991 3359 1058 3431 [fuit
1075 3359 1226 3440 nonsnere,
1244 3361 1294 3414 sed

252 3453 384 3500 extremae
397 3447 499 3501 litterae
517 3464 564 3528 are
582 3449 627 3502 utic
645 3447 700 3517 leqr'
710 3452 829 3517 poseant,
849 3453 878 3500 at
890 3447 974 3516 plara
986 3448 1014 3502 in
1026 3447 1075 3500 duc
1085 3447 1178 3501 ultim
1184 3441 1291 3516 papiae

253 3531 347 3587 codicia
366 3531 475 3603 difficile
494 3533 623 3601 tepenter)
697 3536 711 3585 7
730 3549 762 3590 ea
779 3532 840 3602 lege
859 3531 925 3587 sunt
941 3531 969 3588 Β
1048 3532 1245 3602 &contignare
1261 3533 1296 3587 Β,

306 3620 337 3670 lt)
356 3617 516 3673 drhcennus
531 3619 559 3674 Β
638 3617 850 3690 nomophylaces
864 3619 927 3674 AB
1007 3619 1169 3674 creabantur
1185 3619 1290 3674 Bakiua

253 3720 383 3758 creantur
400 3705 460 3758 AB
530 3706 559 3756 11
580 3721 630 3758 nec
648 3703 668 3758 ii
686 3705 811 3759 editiones
828 3719 874 3758 ner
891 3705 951 3758 AB
1033 3707 1063 3756 1³
1082 3703 1158 3774 leges
1173 3721 1243 3775 quae
1261 3706 1291 3760 B

304 3806 352 3844 cur
370 3788 526 3857 accessonb3
546 3791 574 3845 B
680 3793 711 3844 15
730 3791 874 3846 aeacidem
892 3793 921 3845 Β
1019 3786 1175 3861 magistron
1192 3793 1220 3846 B

255 3879 285 3927 16
304 3875 435 3945 extponar
451 3875 479 3928 B
598 3877 686 3947 deque
704 3875 737 3930 iis
756 3893 883 3932 censores
900 3876 1027 3931 editeonec
1044 3875 1243 3947 deqnueensore
1260 3878 1289 3931 Β

251 3967 327 4030 atque
345 3959 436 4014 eadem
454 3961 512 4014 treet
529 3962 607 4016 eraldo
625 3962 734 4018 obscura
751 3963 842 4018 uideor
860 3963 888 4018 in
905 3964 932 4014 A
951 3964 1036 4032 leqcre
1134 3964 1162 4012 17
1182 3961 1290 4033 pubhce

256 4063 282 4126 (b
300 4079 360 4116 corr
377 4081 409 4116 ee
426 4065 452 4132 p)
473 4068 500 4120 A
574 4067 603 4118 18
622 4081 706 4135 graue
725 4067 753 4122 B
819 4067 855 4124 ,19
874 4031 1015 4120 nisunrA
1085 4064 1291 4120 uoiunranrl'B
