3024 4710
259 281 319 341 146
652 291 691 334 111
717 281 758 347 10,
775 280 900 334 13-21

256 449 463 513 tribunorum
485 443 615 534 plebis)
647 443 720 526 quis
749 441 866 524 neget?
897 441 955 503 sed
983 440 1035 502 uis
1058 439 1173 524 populi
1194 438 1299 500 multo

259 552 385 616 saeuior
400 548 569 631 multoque
584 545 820 622 uehementior,
839 565 933 628 quae,
952 543 1068 606 ducem
1083 542 1171 625 quod
1186 541 1295 617 habet,

258 653 422 717 interdum
443 651 622 726 lenior-est,
649 669 746 732 quam
762 647 789 710 si
804 646 934 710 nullum
949 646 1083 709 heberet
1092 669 1101 721 3
1126 645 1194 707 dux
1210 645 1297 707 enim

258 778 317 820 suo
331 777 363 820 se
377 753 520 839 periculo
543 751 692 836 progredi
708 750 838 832 cogitat,
863 749 976 832 populi
998 748 1140 831 impetus
1161 746 1297 830 periculi

233 859 417 940 ⁵rationem
446 855 497 920 sui
527 855 725 918 nonhabet.
766 853 808 915 ‘at
831 851 1005 934 aliquando
1027 849 1235 914 incenditur!
1267 859 1299 912 et
1309 849 1350 906 24

260 961 393 1045 quidem
415 981 511 1042 saepe
534 958 674 1022 sedatur.
714 955 802 1039 quod
824 955 913 1018 enim
936 965 984 1017 est
1005 965 1072 1017 tem
1095 954 1298 1036 desperatum

162 1079 168 1090 ’
262 1063 446 1146 collegium,
470 1062 592 1144 inquo
615 1082 711 1124 nemo
734 1081 752 1122 e
774 1059 886 1122 decern
909 1079 988 1120 sane
1002 1067 1111 1122 mente
1135 1055 1196 1120 sit?
1220 1056 1300 1139 quin

260 1168 369 1250 ipsum
391 1165 443 1228 Ti.
463 1163 648 1228 Gracchum
676 1184 744 1225 non
767 1161 872 1225 solum
901 1161 1086 1244 neglectus,
1118 1160 1176 1224 sed
1204 1160 1301 1223 etiem

262 1269 409 1332 sublatus
432 1268 623 1330 intercessor
638 1266 773 1342 euertit;
798 1265 878 1349 quid
893 1265 981 1328 enim
1001 1262 1097 1326 illum
1113 1263 1202 1327 aliud
1217 1283 1302 1346 per-

226 1388 251 1428 ro
265 1371 345 1448 culit
372 1371 437 1434 nisi
466 1370 553 1452 quod
581 1379 773 1452 potestatem
802 1367 1015 1432 intercedenti
1038 1366 1181 1450 collegae
1204 1366 1302 1429 abro-

264 1473 375 1558 gauit?
407 1473 464 1537 sed
493 1483 529 1536 tu
553 1472 746 1556 sapientiem
772 1471 932 1535 maiorum
960 1469 997 1532 in
1019 1470 1076 1533 illo
1099 1470 1206 1538 uide:¹
1220 1491 1303 1531 con-

265 1597 354 1640 cessa
375 1574 484 1660 plebei
513 1575 576 1637 iste
598 1596 618 1636 a
640 1575 786 1657 putribus
813 1572 896 1656 [ista]
928 1583 1089 1664 potestate
1110 1593 1198 1636 arma
1219 1571 1305 1635 ceci-

265 1681 395 1755 derunt,
419 1677 572 1741 restincta
594 1677 708 1740 seditio
725 1687 785 1754 est,
808 1675 984 1739 inuentum
999 1687 1048 1739 est
1069 1686 1304 1760 temperamen-

268 1794 357 1858 tum,
389 1802 453 1864 quo
476 1779 639 1844 tenuiores
663 1801 737 1842 cum
759 1779 963 1862 principibus
986 1779 1116 1863 aequari
1146 1801 1180 1842 se
1202 1789 1304 1862 puta-

227 1895 355 1962 urent,
385 1883 422 1946 in
444 1904 507 1966 quo
530 1904 597 1945 uno
619 1882 683 1944 fuit
704 1882 845 1946 ciuitatis
875 1882 971 1946 selus.
1013 1882 1054 1946 ‘at
1076 1883 1140 1944 duo
1164 1881 1306 1944 Gracchi

266 1985 422 2050 fuerunt’
453 1980 485 2048 et
506 1995 632 2069 praeter
648 2005 701 2048 eos
717 1984 867 2067 quamuis
890 2006 1059 2049 enumeres
1074 1985 1193 2048 multos
1215 1984 1304 2066 licet,

321 2194 484 2262 lin-FLA
505 2192 634 2262 555111
789 2203 895 2259 multos
911 2222 989 2260 curor
1007 2207 1035 2259 Β
1157 2203 1306 2274 lmulrirq;

268 2291 388 2347 ueneror
405 2294 433 2348 Β
451 2291 564 2363 multoq;
584 2291 824 2364 uelhenemenrror
841 2296 867 2346 A
986 2306 1048 2344 cum
1067 2289 1150 2344 hebet
1167 2287 1310 2343 deterims

268 2379 395 2452 nonnulli,
416 2396 466 2448 qao
484 2379 612 2434 Halmius
629 2395 691 2432 usus
708 2383 746 2432 ea
806 2380 821 2429 3
840 2379 882 2432 elt
894 2381 949 2447 qui
962 2377 982 2430 l1
989 2381 1099 2446 praeter
1109 2394 1119 2430 1
1131 2377 1161 2430 in
1172 2391 1269 2430 rasura
1280 2379 1308 2429 A

320 2463 394 2517 nulli
413 2463 442 2515 B
460 2457 536 2517 nulli
552 2469 580 2518 A
667 2466 752 2517 lsuo
771 2479 800 2516 se
818 2461 959 2516 deteriores
975 2464 1056 2532 pauci
1071 2479 1100 2516 se
1118 2479 1161 2516 one
1178 2464 1239 2517 AB

270 2548 450 2618 teliquondo
463 2549 587 2602 editiones
601 2547 742 2619 eliquanto
754 2551 815 2605 AB
885 2549 1087 2602 dlacderurB
1158 2548 1305 2616 lnemosll

269 2635 366 2689 edere*
380 2633 444 2687 sano
462 2650 556 2687 mente
580 2638 602 2700 (e
614 2641 675 2688 ante
687 2635 745 2700 dec,
755 2634 772 2648 ”
789 2652 869 2704 super
883 2633 908 2700 5,
923 2635 1046 2688 uultima
1057 2635 1086 2688 in
1098 2635 1163 2688 lene
1174 2654 1188 2688 e
1200 2637 1267 2700 corr)
1282 2638 1309 2688 A

322 2719 445 2799 tenente
462 2721 490 2775 Β
595 2721 610 2770 8
629 2719 770 2790 neglectus
787 2719 931 2774 Manutius
949 2717 1050 2774 necrus
1065 2721 1127 2776 AB
1211 2721 1312 2790 Confer

271 2806 389 2876 Philipp.
410 2807 447 2860 ΙΙ
460 2806 501 2868 22,
519 2807 551 2856 53
570 2805 738 2868 intercessio¹
753 2805 890 2876 neglecte,
915 2805 959 2860 ius
976 2806 1152 2860 tribunicium
1172 2805 1309 2861 subletum

323 2894 339 2944 9
357 2889 458 2946 euertit
474 2890 571 2962 scripsi
586 2891 679 2946 fuerat
695 2894 757 2946 AB
813 2892 911 2960 Confer
922 2909 976 2962 pro
993 2893 1096 2946 Milone
1114 2893 1157 2958 21,
1173 2895 1206 2944 56
1230 2909 1312 2962 saepe

272 2978 435 3050 spoliantem
459 2976 514 3030 iem
538 2990 566 3031 et
589 2977 756 3031 exultantem
781 2976 881 3031 euertit
910 2987 938 3032 et
961 2977 1092 3048 perculit:
1124 2978 1222 3032 scilieet
1245 2995 1313 3048 qtae

272 3064 328 3118 illic
346 3065 539 3132 coniunguntur
555 3064 645 3129 uerba,
665 3063 761 3117 maen
777 3063 819 3116 itio
835 3062 958 3117 norietur
975 3062 1060 3117 oratio
1140 3063 1219 3117 illum
1237 3063 1312 3120 aliud

274 3150 400 3204 editiones
418 3149 488 3203 rllud
505 3147 580 3202 ahud
597 3148 656 3203 AB
803 3150 833 3201 10
851 3148 1031 3204 intercedenti
1049 3151 1205 3220 Maduipius
1223 3167 1313 3203 mter-

274 3235 458 3291 cedendrAB
510 3234 614 3304 college
632 3236 660 3288 Β
677 3251 736 3288 corr
753 3252 788 3314 ge
805 3240 830 3290 A
903 3237 930 3287 11
953 3235 1114 3306 sapientiam
1131 3235 1265 3289 maiorum
1283 3233 1313 3288 in

275 3321 321 3375 illo
338 3319 455 3374 Turnebi
470 3320 549 3375 editio
567 3339 592 3372 a.
616 3321 691 3385 1552,
712 3321 781 3374 idem
799 3323 931 3376 maiorum
950 3320 979 3374 in
997 3322 1049 3377 hoc
1067 3321 1122 3374 iarn
1142 3323 1208 3373 1538
1227 3321 1314 3374 conic-

276 3411 348 3461 cerat
354 3425 362 3469 ,¹
383 3405 555 3483 felprennerrr
573 3405 759 3459 maronnrhrlo
777 3410 803 3460 A
821 3407 956 3478 soprenns
973 3406 1157 3461 maronnrhrlo
1176 3409 1204 3463 Β

275 3509 399 3563 concessa
416 3508 497 3580 plebe
516 3505 567 3562 lita
587 3508 713 3578 pambus
734 3509 786 3562 rlre
809 3511 935 3580 potestas
950 3515 976 3565 A
1005 3512 1058 3576 (eie)
1086 3512 1209 3565 concesse
1232 3511 1313 3581 plebe

274 3595 328 3648 rsrs
344 3594 471 3665 potestat
485 3596 513 3650 Β
534 3595 600 3660 (sic),
625 3611 754 3648 concessa
776 3595 850 3665 plebi
880 3595 977 3667 (plebei
993 3596 1129 3662 Halmius)
1150 3614 1167 3651 a
1190 3596 1314 3667 patribus

276 3680 328 3734 iste
345 3689 481 3751 potestate
500 3679 639 3744 editiones,
667 3682 714 3736 sed
730 3683 797 3736 milri
806 3683 994 3752 praestabilius
1011 3685 1095 3737 anum
1113 3689 1152 3738 est
1163 3685 1244 3752 priua
1261 3683 1314 3736 iste

276 3768 366 3832 teneri,
388 3768 459 3835 cons.
478 3786 507 3838 p.
530 3767 619 3831 158,2
755 3768 786 3818 12
805 3785 927 3822 amnone
949 3767 1030 3823 cedei
1047 3770 1075 3824 Β
1217 3772 1247 3822 13
1270 3785 1315 3822 re·

276 3870 366 3924 sonte
383 3870 410 3923 B
428 3844 547 3923 resuirte
569 3873 590 3934 [r
608 3887 622 3921 e
639 3875 707 3937 corr)
728 3874 756 3924 A
826 3870 931 3926 ledrno'
948 3873 972 3936 (τ
989 3893 1002 3926 e
1020 3874 1087 3936 corr)
1109 3877 1136 3926 A
1213 3875 1244 3924 11
1262 3889 1316 3942 pu-

275 3978 366 4026 tarent
383 3970 514 4026 Erneetue
531 3989 661 4043 putarint
679 3975 707 4028 Β
729 3989 851 4044 putenm
874 3991 934 4030 corr
957 3991 1002 4026 mr
1019 3978 1046 4028 A
1188 3977 1218 4028 15
1238 3948 1272 4028 ed
1289 3979 1316 4029 A

276 4058 311 4112 ad
328 4058 356 4111 Β
424 4059 518 4127 grachi
534 4061 562 4112 A
580 4059 699 4128 mecchu
717 4060 745 4114 Β
816 4062 848 4113 16
866 4060 961 4114 fuerat
978 4062 1006 4116 Β
1077 4058 1215 4131 &preter
1235 4059 1270 4125 l&
1287 4062 1317 4114 in
