3016 4714
639 315 664 358 11
688 305 730 371 21,
747 307 779 358 aa
830 355 834 362 ,
1165 299 1224 360 109

184 465 361 548 linquatur.
392 487 489 549 super
508 465 671 543 dicebant,
695 465 851 550 quicquid
872 466 1021 550 cepisset,
1048 467 1221 551 adstringi:

185 589 296 630 rursus
320 569 418 632 sacris
439 568 629 632 liberantur.
669 569 730 632 hoc
750 591 828 634 uero
850 568 934 632 nihil
957 569 999 632 ad
1020 571 1225 653 pontificium

186 669 257 747 ἰιιε,
290 680 322 734 et
351 672 498 734 emedio
527 681 576 734 est
604 672 674 734 iure
698 671 808 749 ciuili,
840 682 877 735 ut
898 693 956 754 per
978 693 1032 736 aes
1056 682 1088 734 et
1108 671 1238 734 libram·

185 773 338 836 heredem
360 772 547 836 testamenti
568 773 699 854 soluant
714 785 746 838 et
769 775 882 838 eodem
896 775 967 837 loco
989 795 1040 837 res
1056 773 1109 851 sit,
1133 774 1227 857 quasi

187 897 225 938 ea
252 875 393 958 pecunia
420 875 528 958 legata
555 897 623 940 non
654 888 755 955 esset,
788 878 883 955 siis,
915 877 968 940 cui
995 877 1141 960 legatum
1163 888 1252 954 est,s

187 978 362 1061 stipulatus
385 988 434 1042 est
455 979 490 1040 id
511 978 622 1070 ipsum
629 1028 639 1056 ,
670 981 757 1063 quod
778 981 924 1064 legatum
947 989 1013 1056 est,
1043 990 1081 1043 ut
1104 1001 1141 1042 ea
1163 1001 1226 1062 pe-

186 1082 285 1144 cunia
318 1103 359 1144 ex
393 1081 604 1164 stipulatione
638 1082 809 1159 debeatur,
847 1083 952 1165 sitque
986 1103 1023 1144 ea
1055 1104 1123 1145 non
1137 1107 1155 1140 ν
1175 1107 1193 1140 s
1207 1106 1224 1139 a

235 1236 245 1285 l
261 1231 311 1305 sup
321 1233 452 1288 drcebaur
459 1236 516 1290 AB
525 1251 608 1304 supra
620 1206 767 1300 Turnebus,
779 1233 848 1288 idem
853 1240 946 1304 postea
956 1234 1108 1304 superiores
1118 1231 1228 1287 canunt

233 1318 401 1388 qmcqmdA
414 1321 514 1389 qmaB
584 1319 713 1390 coeprsl&
722 1320 778 1374 AB
848 1317 998 1390 adsmngrt
1012 1321 1041 1372 A
1111 1319 1226 1373 2sacris

184 1419 314 1474 editiores
333 1417 400 1474 lacn
416 1424 478 1477 AB
566 1425 581 1474 3
600 1423 797 1476 russetemedro
811 1426 834 1488 (τ
846 1425 912 1486 carri
928 1425 956 1476 A
974 1419 1019 1475 ml
1028 1422 1052 1476 dr
1070 1397 1186 1501 liemedb
1198 1424 1227 1477 B

238 1523 282 1576 ius
300 1531 342 1577 set
353 1523 483 1578 Halmius
570 1542 589 1598 p
609 1525 661 1604 ριίτ
678 1517 762 1595 libert
783 1529 851 1588 (corr
869 1525 936 1604 eser)
957 1524 985 1578 B
1054 1525 1116 1578 oel&
1133 1525 1162 1579 iu
1179 1543 1225 1578 ra·

185 1626 251 1663 sura
268 1610 295 1660 A
313 1610 360 1662 sed
375 1609 405 1661 iu
423 1609 545 1680 maraine
562 1609 599 1662 ad
614 1611 681 1681 buno
698 1627 804 1663 rrersum
821 1627 904 1663 mauu
922 1610 1034 1680 antiqua
1052 1627 1076 1664 ιτ
1092 1609 1226 1680 'scripturn

186 1700 227 1748 est
294 1692 457 1771 4heredbm
475 1695 503 1747 B
554 1693 685 1749 restarirta
702 1695 730 1747 B
749 1696 804 1760 (sed
820 1695 926 1768 uidetur
941 1695 1064 1749 aestatim
1082 1702 1226 1748 correctum

178 1796 278 1867 juisse)
341 1773 490 1866 soluian
553 1798 674 1852 betsiis
689 1797 844 1852 Huscblrius
902 1797 1085 1870 bsupularus
1095 1799 1189 1898 estam
1202 1797 1229 1850 B

240 1899 315 1970 quod
332 1899 452 1978 legatum
471 1905 513 1952 est
531 1899 658 1981 editiones
681 1900 847 1972 quolegarus
863 1907 878 1955 e
894 1902 922 1953 A
945 1919 977 1956 so
999 1903 1068 1965 (corr
1085 1904 1128 1972 qo)
1156 1901 1228 1970 lega·

185 2003 236 2056 rus
251 2007 266 2055 e
284 2003 345 2056 B'
400 1967 636 2074 lexirpulauone
654 2005 680 2056 A
756 2005 861 2074 sicquae
879 2006 907 2059 B
925 2005 1015 2085 imque
1033 2006 1060 2056 A
1080 2005 1178 2074 ‘sitque
1197 2021 1229 2058 ee

188 2122 245 2158 non
263 2104 354 2174 legata
371 2110 418 2158 aut
437 2105 519 2159 sacris
536 2123 594 2160 non
612 2103 728 2161 astricts’
753 2107 898 2160 Turnebus.
951 2105 1055 2159 ‘Multa
1078 2106 1120 2160 bia
1144 2105 1229 2160 deesse

185 2206 221 2242 aa
237 2207 266 2240 eo
285 2193 377 2242 notram
396 2195 442 2255 est,
468 2190 538 2260 quad
551 2192 635 2260 paul>
653 2199 715 2245 ante
733 2209 792 2244 sum
811 2193 842 2245 de
850 2191 1028 2262 familiarum
1045 2189 1128 2245 sacris
1146 2189 1227 2244 elisse-

190 2280 269 2337 rerst,
290 2291 362 2326 nunc
380 2276 412 2328 de
423 2276 656 2346 parentatiombus
674 2277 756 2331 uerba
765 2277 849 2347 facit.
898 2276 965 2338 Quis
977 2295 1061 2346 parra
1079 2279 1166 2331 marus
1184 2278 1229 2332 ille

186 2360 236 2414 uir
246 2359 337 2428 suerit
348 2360 428 2415 Accii
436 2361 600 2430 familiaris,
620 2381 679 2416 cum
697 2365 834 2431 suparare
852 2361 945 2426 desint,
967 2362 1091 2416 diuinare
1103 2379 1156 2416 uon
1163 2382 1229 2433 pos-

188 2465 290 2502 sumus.
356 2446 558 2517 Nisifarte
584 2447 767 2502 Sisennam
794 2448 989 2516 intelliyit.
1018 2465 1112 2518 qrsem
1139 2448 1228 2502 libro

184 2534 299 2604 prime
315 2530 420 2586 Accii
433 2533 658 2600 familiarem
676 2533 817 2588 uocauit
843 2533 951 2600 [scilicet
971 2535 1108 2588 Turnebus
1126 2536 1150 2599 I,
1172 2536 1227 2597 2,7

183 2637 215 2689 p.
236 2621 261 2680 8,
276 2621 292 2670 2
310 2617 425 2672 Accium
449 2635 501 2671 nau
524 2618 648 2673 Macrum
673 2618 765 2673 scribit
791 2625 817 2674 et
841 2618 932 2674 deiude
950 2637 976 2672 u.
998 2623 1013 2672 6
1038 2620 1154 2674 Sisenna
1172 2620 1229 2673 eius

190 2703 312 2774 amicus]¹
333 2703 498 2758 Sententimn
511 2709 598 2758 tamen
610 2705 800 2776 quadammodo
813 2705 1022 2760 caumatabimus.
1050 2705 1095 2758 Ea
1107 2723 1135 2756 aa
1148 2707 1227 2769 enim,

189 2791 263 2860 quod
279 2789 334 2852 ait,
359 2796 390 2843 ut
412 2797 519 2843 ueteres
536 2790 718 2856 februarium,
745 2791 784 2844 sic
802 2791 845 2845 hic
864 2791 1034 2846 decembrem
1053 2790 1227 2859 sequebatur,

190 2876 308 2929 arbitror
326 2893 385 2929 eum
403 2875 434 2928 de
450 2877 541 2929 Bruta
559 2875 587 2928 iu
611 2875 789 2946 superioribus
814 2876 877 2929 lacis
901 2877 1047 2946 loquutum.
1091 2874 1137 2928 Sia
1159 2875 1229 2928 euim

192 2961 298 3032 quaerit
314 2960 476 3014 Plutarchus
499 2962 527 3014 ia
551 2959 723 3016 Problemat'
757 2961 894 3015 Turnebus
915 2963 989 3013 1538.
1030 2961 1160 3014 ‘Doctum
1179 2960 1229 3014 ho-

192 3047 302 3112 minem]
324 3045 466 3098 Decimum
483 3048 603 3100 Brutum
621 3045 755 3116 intellipit,
776 3045 824 3116 qui
834 3045 912 3100 Accii
923 3049 1018 3115 poetae
1033 3043 1231 3116 perfamiliaris

185 3131 257 3202 suit.
292 3131 383 3184 Cicera
398 3149 449 3200 pra
461 3131 565 3186 Arabia
585 3133 636 3196 [ll‚
652 3134 683 3184 27
703 3131 740 3198 cs.
756 3134 836 3186 Brut.
858 3134 900 3196 28,
918 3133 988 3198 lou.
1024 3119 1128 3186 Veteres
1141 3138 1230 3186 autem

192 3225 307 3272 muana
326 3217 393 3270 aurai
407 3233 495 3270 mensa
512 3216 562 3269 diis
575 3215 697 3270 manibus
710 3223 855 3286 parentare
866 3217 992 3280 solebant,
1012 3216 1061 3286 oui
1069 3217 1231 3286 februarius

192 3309 263 3364 erat,
294 3319 388 3355 uerum
404 3307 578 3372 posteaquam
598 3303 758 3372 februarius
782 3303 910 3357 secundus
933 3301 1000 3356 anni
1021 3303 1119 3356 mensis
1135 3305 1231 3373 factus

192 3394 243 3448 est,
270 3384 396 3451 obtinuit,
424 3391 456 3440 ut
476 3389 561 3441 eadem
581 3393 669 3440 tamen
687 3404 774 3441 masse
792 3406 835 3442 res
852 3386 944 3441 diuina
961 3387 1000 3444 eis
1008 3391 1099 3460 fieret.
1137 3405 1230 3441 uarum

192 3478 281 3525 tamen
300 3475 405 3526 Brutus
422 3471 542 3526 instituti
557 3471 654 3525 ueteris
671 3489 783 3536 memor,
810 3491 864 3528 nan
875 3473 1048 3542 februarium
1071 3476 1117 3528 sed
1133 3475 1230 3528 decern-

193 3557 264 3611 brem
283 3557 407 3611 rrltimum
426 3575 539 3610 mensem
556 3557 711 3627 sequebatur
729 3557 758 3610 in
776 3559 882 3612 dearum
901 3559 1021 3612 manium
1034 3558 1229 3628 parentationi·

193 3643 251 3696 bus.
311 3646 396 3697 Hune
422 3642 555 3696 Ciceronis
573 3643 656 3696 baram
681 3643 719 3697 sis
737 3643 766 3696 iu
786 3645 913 3713 problem.
938 3644 1047 3714 attinqit
1069 3645 1230 3698 Plutarchus

195 3730 317 3794 [Quaest.
331 3729 410 3782 Ram.
432 3745 454 3782 e.
474 3729 620 3784 XXXIV
634 3731 706 3799 cons.
727 3748 750 3782 ο.
770 3729 869 3799 XIX]
889 3730 930 3782 διὰ
947 3730 971 3783 τί
988 3739 1039 3783 τῶν
1058 3729 1143 3782 ἄλλων
1162 3721 1230 3784 Ῥω·-

193 3813 276 3884 palma
287 3815 313 3867 ἐν
323 3815 360 3884 τῷ
370 3813 536 3884 Φεβρουαρίῳ
545 3815 607 3886 μηνὶ
617 3816 776 3886 ποιουμένων
784 3815 849 3888 χοὰς
859 3815 902 3868 καὶ
913 3815 1064 3886 ἐναγισμοὺς
1073 3821 1128 3874 τοῖς
1137 3815 1231 3888 τεθνη-

192 3899 259 3961 κόσι,
280 3897 391 3968 Δέκιμος
403 3897 526 3969 Βροῦτος,
548 3903 583 3960 ὡς
602 3897 720 3973 Κικέρων
741 3901 883 3973 ἱστόρηκεν,
905 3902 930 3954 ἐν
948 3902 985 3972 τῷ
997 3899 1147 3971 Δεκεμβρίῳ
1165 3903 1231 3956 τοῦτ’

194 3983 338 4054 ἔπραττεν]
361 3985 500 4038 Turnebus
520 3987 594 4040 1552.
626 3987 767 4057 Desectam
785 3987 915 4041 orationis
932 3986 1079 4040 Lambinus
1098 3986 1135 4039 ita
1152 4005 1232 4057 repa-

192 4069 269 4120 rauit
293 4069 382 4138 sitque
408 4071 502 4124 eadem
527 4072 608 4126 sacris
632 4089 688 4125 non
712 4070 831 4141 alligata.
865 4071 946 4125 uenio
969 4072 1005 4126 ad
1023 4072 1143 4126 manium
1162 4073 1229 4137 iura,
