2990 4720
593 346 796 412 ram-m
1173 339 1208 399 Ἣ

171 505 327 568 extitisse
343 507 509 587 quandam
524 509 744 570 maturitatem
768 507 895 571 serendi
912 508 1040 590 generis
1064 508 1212 584 humani,

171 609 268 690 quod
290 630 438 692 sparsum
460 611 495 671 in
519 620 616 673 terras
640 621 738 693 atque
761 620 869 672 saturn
891 609 1005 672 diuino
1022 621 1154 673 auctum
1177 611 1218 672 sit

170 712 363 776 animorum
394 734 548 788 munere,
580 733 745 795 quomque
776 712 839 774 alia
869 713 988 794 quibus
1012 713 1219 776 cohaererent

172 815 329 879 homines
359 837 377 877 e
407 815 535 878 mortali
568 837 687 898 genere
721 815 938 898 sumpserint,
975 836 1058 897 quae
1091 815 1219 898 fragilia

172 927 288 980 essent
311 917 490 994 etcaduca,
516 918 662 981 animum
678 939 747 982 esse
770 918 997 1000 ingeneratum
1020 941 1038 981 a
1061 918 1132 980 deo.
1180 939 1245 980 exs

172 1041 243 1102 quo
268 1041 345 1082 uere
367 1020 421 1082 uel
444 1021 574 1102 agnatio
597 1021 692 1084 nobis
716 1042 791 1083 curn
814 1021 1007 1085 caelestibus
1037 1022 1091 1084 uel
1114 1041 1218 1104 genus

173 1121 235 1184 uel
269 1123 365 1206 stirps
399 1123 556 1206 appellari
588 1134 705 1206 potest.
753 1125 863 1210 itaque
897 1144 937 1187 ex
971 1135 1018 1187 tot
1045 1123 1218 1206 generibus

175 1211 311 1288 nullum
335 1235 384 1288 est
406 1225 527 1288 animal
549 1237 675 1308 praeter
696 1226 875 1303 hominem,
901 1228 988 1309 quod
1000 1227 1118 1290 habeat
1133 1225 1218 1288 noti-

176 1327 261 1390 tiam
283 1327 427 1410 aliquam
449 1329 514 1404 dei,
539 1329 684 1411 ipsisque
700 1329 735 1392 in
750 1328 938 1392 hominibus
954 1329 1046 1391 nulla
1068 1350 1148 1412 gens
1172 1338 1220 1391 est

177 1451 288 1513 neque
312 1441 379 1493 tam
401 1442 570 1494 mansueta
593 1453 700 1514 neque
723 1442 790 1494 tam
811 1431 890 1508 fera,
917 1453 1000 1513 quae
1022 1453 1101 1509 non,
1120 1432 1257 1498 etiamn

180 1535 211 1596 si
232 1534 362 1617 ignoret
384 1534 515 1616 qualem
537 1535 655 1598 habere
685 1536 783 1597 deum
805 1535 928 1611 deceat,
953 1546 1063 1598 tamen
1076 1534 1217 1597 'haben-

123 1639 169 1696 25
183 1638 264 1699 dum
288 1636 379 1700 sciat.
427 1658 468 1700 ex
491 1658 555 1720 quo
572 1637 710 1702 efficitur
725 1637 819 1713 illud,
845 1647 882 1700 ut
896 1638 924 1700 is
940 1647 1094 1720 agnoscat
1109 1637 1217 1711 deum,

186 1739 256 1822 qui,
298 1741 387 1803 unde
421 1749 510 1802 ortus
544 1741 597 1817 sit,
639 1740 732 1823 quasi
768 1741 952 1802 recordetur
988 1748 1018 1802 et
1054 1748 1217 1821 agnoscat.

178 1913 273 1981 censer
294 1911 371 1965 Tusa.
396 1911 424 1963 V
439 1913 480 1976 24,
503 1914 535 1964 69
562 1913 647 1966 totius
666 1911 761 1965 mundi
780 1921 869 1964 motus
889 1912 1137 1980 conuersionesque
1156 1926 1217 1979 per·

179 1995 309 2068 sperarit.
342 1997 372 2049 de
398 2003 455 2050 nat.
482 1998 552 2050 deor.
578 2000 616 2053 H
633 2001 658 2064 5,
685 1999 716 2049 15
741 1995 964 2067 aequabilitatem
988 2003 1079 2050 motus
1103 2012 1217 2050 eonuer·
1316 2065 1318 2068 Ι

179 2082 344 2152 siouurnque
356 2082 439 2136 caeli:
459 2081 497 2136 sic
509 2082 579 2136 enim
595 2088 661 2154 puto
679 2087 748 2137 reete
765 2081 848 2136 scribi
863 2097 930 2152 quae
942 2081 1086 2134 truduntur
1103 2097 1219 2135 conuer-

178 2169 285 2223 sionem
303 2168 386 2231 caeli,·
406 2169 500 2223 elidem
522 2171 614 2232 1125,
640 2172 674 2222 64
697 2185 806 2222 cursum
837 2174 864 2222 et
887 2169 1093 2222 conuersionem
1117 2167 1217 2236 spatio·

179 2289 239 2324 rum
258 2289 289 2325 ao
306 2279 461 2342 temporum
557 2273 729 2326 lexnsnlie
746 2275 775 2326 A
793 2243 889 2326 emilie
908 2272 936 2326 Β
1001 2235 1139 2341 lirarlum
1158 2274 1184 2323 A

180 2357 269 2410 sarum
282 2356 517 2410 corrHea'nss'unus
529 2357 632 2426 lacrum
646 2360 705 2414 AB
792 2360 807 2410 3
821 2373 928 2412 muneri
938 2361 1006 2422 (com
1019 2362 1141 2416 munere]
1156 2357 1217 2410 AB

234 2477 352 2531 cumque
381 2455 518 2513 Turnebus
541 2427 642 2539 {iiiiii
671 2461 698 2526 (t
715 2477 776 2516 corr
798 2477 830 2512 ea
854 2466 880 2526 u)
907 2464 935 2515 A
953 2425 1092 2538 {namqui
1105 2461 1133 2514 Β

182 2563 236 2616 alia
261 2563 361 2633 quibus
387 2565 552 2619 Ascensiunu
578 2564 715 2635 ahqurbus
735 2565 797 2620 AB
919 2538 1050 2642 coierint
1073 2565 1100 2617 A
1130 2561 1219 2630 colhe-

182 2666 246 2703 rent
263 2652 291 2704 Β
396 2651 575 2704 4luml'er1nr
592 2652 620 2701 A
725 2668 778 2721 que
796 2666 856 2703 corr
873 2667 926 2728 quq
944 2649 972 2701 Β
1068 2647 1175 2717 flagicia
1192 2649 1220 2702 Β

183 2735 291 2805 fragrhs
309 2737 338 2786 A
356 2735 402 2788 sed
418 2753 432 2789 r
449 2743 474 2789 et
492 2737 501 2789 l
519 2752 578 2789 corr
650 2735 764 2807 lstirps
782 2733 908 2788 editiones
927 2735 1019 2805 lnrprl
1034 2735 1098 2789 AB
1144 2732 1218 2803 apel·

184 2821 234 2875 larr
251 2821 279 2872 A
349 2823 476 2876 Formam
495 2821 637 2876 sententiae
660 2839 694 2876 ex
712 2839 766 2892 quo
787 2863 814 2876 ..
836 2819 965 2892 appellari
987 2826 1079 2891 potest
1101 2817 1219 2872 illustrat

184 2907 344 2978 Maduipius
356 2907 469 2960 Emeud.
485 2905 596 2960 Licinn.
605 2927 634 2978 p.
652 2909 701 2960 367
756 2909 771 2960 8
785 2907 924 2962 habeare*
945 2909 985 2972 (st
996 2924 1055 2960 corr
1067 2905 1095 2957 in
1108 2919 1215 2967 rasura,

176 2993 237 3061 suit
260 2999 291 3046 ut
315 2993 421 3048 usitetur
444 2992 526 3047 hab&
549 2993 596 3055 ad]
625 2995 653 3048 Β
681 2994 804 3048 habear*
831 2999 877 3058 lar
899 3009 958 3046 corr
980 3010 1012 3045 cu
1035 2995 1062 3055 τ)
1087 2995 1115 3044 A

188 3080 203 3130 9
227 3079 347 3148 aliquam
372 3079 424 3134 dei.
454 3079 574 3149 ipsisque
598 3078 628 3132 in
650 3079 807 3133 hominibus
832 3079 868 3132 R.
895 3079 1045 3148 Stephanus
1068 3075 1159 3142 aliqua
1183 3073 1217 3126 de

185 3164 250 3234 spiri
266 3182 335 3234 qum
353 3163 482 3225 hom1n1b;
506 3165 535 3219 B
553 3180 593 3233 pr
611 3164 702 3234 ahqua
729 3166 774 3219 der
785 3182 837 3216 ass
860 3163 1101 3240 QQ
1116 3175 1177 3212 corr
1194 3159 1221 3212 B

184 3266 327 3338 aliquadel
341 3285 494 3320 *sassa*
520 3251 766 3346 qui-*affl
780 3271 819 3333 A,
849 3268 878 3320 in
900 3281 998 3319 rasura
1021 3265 1054 3319 de
1081 3263 1147 3334 rplrl
1157 3265 1222 3332 fera

185 3373 351 3438 agnoscitnm
381 3372 416 3426 de
448 3369 501 3436 (sie)
534 3373 563 3423 in
592 3371 665 3427 cuitu
694 3388 786 3426 ueram
815 3368 922 3424 elidetur
948 3385 1000 3422 nou
1024 3366 1115 3437 prima
1140 3382 1223 3420 mann

183 3474 310 3544 scripturn
334 3491 388 3528 esse
468 3439 593 3544 nulliilr
615 3478 643 3529 A
680 3459 886 3543 10manlu8nsrir
903 3473 930 3526 Β
953 3457 1096 3526 mansueti
1118 3473 1146 3524 A
1180 3468 1225 3522 De

185 3558 267 3614 disin.
289 3561 312 3615 I
325 3563 350 3626 1,
372 3562 387 3612 2
406 3569 517 3630 gentem
535 3559 645 3631 quidem
663 3559 767 3614 nullam
785 3559 865 3614 uideo
884 3575 974 3628 neque
995 3565 1052 3611 tam
1076 3556 1223 3609 humanam

186 3658 267 3716 atque
286 3645 396 3700 doctam
414 3663 502 3717 neque
519 3655 575 3700 tam
595 3647 741 3700 immanem
759 3652 870 3715 tamque
887 3644 1046 3708 barbaram,
1072 3658 1141 3711 quae
1166 3658 1223 3694 nou

185 3735 334 3818 significari
357 3749 447 3804 futura
467 3793 472 3802 .
496 3792 502 3802 .
523 3758 631 3804 censeat
720 3711 1223 3817 121lltdiihrssgnotcat⁶i⁰iqu1*unde

190 3838 227 3898 (ar
244 3833 272 3886 in
290 3851 390 3888 rasura
402 3853 462 3890 cur
474 3851 504 3887 ex
516 3853 569 3889 unt
581 3842 610 3888 ut
622 3834 733 3898 uidetur)
749 3835 776 3885 A
832 3833 862 3884 13
881 3849 897 3886 o
915 3832 963 3885 rus
977 3848 1038 3885 corr
1056 3829 1135 3884 otrus
1145 3832 1172 3883 A

186 3921 342 3975 recordetur
349 3929 378 3975 at
386 3928 515 3992 agnoscat
524 3920 670 3986 Turnebus,
682 3919 718 3974 Β.
729 3921 878 3990 Stephanus
890 3916 1225 3986 recorderuriagnolcarA

186 4023 346 4079 recordetur
363 4000 465 4100 cignos
471 4024 528 4092 lcar
551 4024 579 4076 Β
600 4025 642 4094 ty.
663 4025 692 4075 in
711 4021 800 4076 Pr'son.
827 4024 851 4086 6,
875 4022 905 4073 lt
929 4021 987 4090 ipse
1006 4026 1078 4078 certe
1097 4026 1226 4088 agnoscet

186 4133 214 4180 et
237 4145 298 4182 cum
322 4126 415 4198 aliquo
438 4126 533 4180 dolore
555 4126 722 4196 flagitiorum
746 4141 857 4178 suorum
882 4122 1081 4178 recordabitur.
1112 4121 1188 4176 Tusa.
1210 4123 1231 4174 I
