2990 4720
591 361 603 402 1
629 352 672 417 11,
691 353 721 401 31
736 351 817 402 -sr
1181 340 1221 400 27

188 512 300 574 mentis
324 523 490 595 tamquam
514 511 653 575 salutare
677 511 801 594 aliquid
824 510 1032 587 adsciscitur3
1058 509 1222 594 similique

187 614 310 677 inscitia
344 635 430 678 mors
470 615 596 698 fugitur
628 615 721 698 quasi
759 612 929 677 dissolutio
964 623 1115 690 naturae,
1152 613 1221 677 uita

188 717 357 800 expetitur,
383 718 460 801 quia
482 740 541 780 nos
564 718 600 780 in
623 739 687 800 quo
710 717 779 780 nati
810 738 923 780 sumus
947 717 1103 792 eontinet,
1128 715 1219 780 dolor

186 820 218 880 in
245 821 397 884 maximis
430 821 524 884 malis
548 821 689 897 ducitur,
725 842 800 883 oum
830 842 889 884 sua
921 820 1112 904 asperitate,
1148 828 1219 881 tum

144 925 176 984 32
185 923 267 1002 quod
289 935 425 986 naturae
454 922 605 986 interitus
635 923 766 986 uidetur
795 923 904 1007 sequi;
935 932 1129 1006 propterque
1152 921 1243 983 ho-s

186 1026 316 1088 aestatis
352 1038 383 1089 et
421 1027 542 1109 gloriae
576 1026 824 1090 similitudinem
859 1026 945 1090 beati
979 1025 1035 1108 qui
1069 1023 1218 1087 honorati

186 1141 258 1191 sunt
280 1129 448 1206 uidentur,
477 1129 587 1192 miseri
610 1141 719 1193 autem
742 1129 798 1214 qui
822 1141 899 1192 sunt
921 1127 1063 1212 inglorii.
1111 1126 1217 1190 mole-

186 1231 278 1308 stiae,
310 1231 471 1308 laetitiae,
504 1232 714 1315 cupiditateS,
746 1233 877 1296 timores
900 1231 1048 1295 similiter
1070 1229 1217 1294 omnium

184 1347 305 1396 mentes
328 1346 560 1418 peruagantur,
585 1357 658 1412 neo,
684 1336 712 1398 si
733 1335 904 1418 opiniones
927 1335 1008 1398 aliae
1033 1345 1109 1397 sunt
1138 1343 1217 1418 aput

184 1556 223 1609 ess
251 1559 313 1618 (suit
340 1557 382 1618 es]
412 1559 528 1612 enim&
552 1557 857 1626 luaurtansldeleosanl
873 1560 901 1612 Β
933 1557 1045 1611 lenitate
1079 1555 1214 1618 (laenitate

183 1642 334 1708 Lambinus)
367 1643 440 1696 enim
464 1649 492 1696 et
517 1643 652 1698 suauitate
677 1643 815 1698 delectans
843 1642 967 1707 (delectat
989 1645 1026 1696 Β.
1048 1642 1215 1712 Stepbnrtus),

182 1727 217 1779 sia
238 1728 382 1793 Turnebus,
402 1730 555 1783 Leontinus.
584 1731 695 1784 Liturae
712 1731 850 1795 rationem,
877 1747 942 1799 qum
960 1731 1043 1783 estin
1061 1733 1104 1794 A,
1130 1728 1217 1796 aperit

181 1815 356 1867 Heinsiamrs:
383 1833 445 1867 nam
470 1815 520 1868 etsi
535 1833 673 1869 erasarum
691 1833 782 1869 uoeum
800 1816 911 1886 uestipia
930 1816 1003 1868 nulla
1022 1815 1140 1884 dipnosei
1151 1831 1216 1882 pos-

180 1906 246 1961 sunt,
267 1905 356 1952 tamen
374 1901 437 1969 quin
454 1919 528 1954 rnera
546 1902 698 1970 repetitione
716 1902 759 1954 etr
777 1918 849 1954 emm
868 1903 1043 1956 etsuaurtase
1066 1903 1116 1962 (uel
1126 1901 1216 1953 susur-

180 1986 257 2049 tans)
278 1986 317 2038 ibi
332 1985 431 2054 seruata
441 1988 557 2055 suerint,
578 2004 700 2040 mannua
717 1987 799 2055 spatii
816 1988 933 2040 brebitare
956 2005 1008 2040 non
1032 1987 1096 2040 sinit
1118 1987 1145 2038 in
1168 1985 1216 2037 bac
1254 1974 1266 2002 ⁵

178 2072 333 2139 praesentim
351 2073 508 2140 frequentin
531 2073 655 2126 similium
679 2091 798 2126 erronem
822 2074 850 2126 in
873 2077 899 2126 A
924 2075 1024 2141 (aorffer
1048 2073 1161 2126 manime
1184 2072 1223 2124 ΙΙ

181 2157 220 2221 24,
241 2159 288 2218 61,-
319 2157 373 2211 III
385 2159 410 2220 7,
432 2160 490 2223 17);
518 2176 600 2227 neque
619 2160 650 2212 da
677 2159 718 2211 ess
743 2158 927 2222 dubitandum,
959 2159 1028 2228 quod
1053 2176 1115 2212 casu
1138 2157 1216 2227 prius

182 2244 302 2296 omissum
332 2261 348 2294 a
372 2245 498 2312 emptore
520 2262 578 2297 eune
596 2245 707 2314 repetita
725 2245 849 2298 noeubsda
868 2246 964 2298 deleret
987 2262 1032 2298 suo
1057 2245 1110 2297 brae
1136 2259 1216 2312 supra

180 2345 280 2381 uersum
314 2328 433 2382 additum
460 2336 505 2383 est.
542 2331 629 2400 itaqrre
656 2349 708 2383 nori
741 2337 778 2384 est
804 2333 873 2400 qnod
898 2331 1077 2400 supplementa
1106 2329 1215 2382 lacunae

182 2415 366 2483 anquirantun
386 2431 467 2484 neqrre
485 2434 579 2469 nomen
596 2417 663 2469 adali
678 2418 746 2469 unde
763 2418 879 2486 parentini
888 2417 1019 2485 pendeant
1028 2416 1215 2485 praestabilius

180 2505 312 2568 pstquam
329 2499 374 2552 bos
392 2501 492 2554 mutari
507 2502 535 2556 in
559 2501 733 2555 abbatiuorum
748 2505 865 2571 somnus.
905 2503 974 2572 quart
995 2520 1057 2556 uero
1081 2503 1160 2555 otiam
1184 2501 1216 2553 de

182 2585 308 2638 Latinitate
326 2585 487 2651 destituunt,
513 2593 538 2639 et
561 2594 628 2642 reete
652 2607 699 2642 nea
718 2590 778 2641 sine
801 2589 919 2658 exemplo
943 2587 1068 2658 uoluptas
1088 2603 1146 2640 esse
1166 2586 1215 2639 de-

180 2668 281 2724 lectans
302 2671 398 2724 dieitur
414 2677 440 2724 et
457 2690 503 2725 eur
521 2674 558 2725 ita
570 2675 692 2726 maluerit
707 2674 796 2728 Cicero
808 2691 886 2742 quum
899 2673 1068 2743 uoluptatem
1082 2672 1215 2726 delectare

180 2757 315 2826 inaperta
333 2764 386 2810 est:
412 2756 532 2810 leuitatis
550 2765 637 2812 autern
656 2777 721 2828 qrme
738 2777 792 2812 esse
810 2759 966 2829 ombipuitas
988 2765 1074 2829 potest
1098 2777 1126 2812 eo
1150 2759 1211 2822 toea,

180 2842 223 2893 ubi
232 2843 312 2896 sirnut
322 2844 353 2896 cla
366 2841 511 2912 asperitate
524 2843 625 2897 doloris
644 2847 748 2910 dicitur,
769 2862 843 2914 quern
856 2847 893 2898 ad
903 2847 1007 2898 niodum
1019 2847 1047 2899 in
1060 2845 1216 2914 explicanda

181 2927 235 2995 ipsa
248 2928 363 2996 Epimeni
374 2929 493 2982 doctrina
508 2929 584 2984 Tusa.
606 2931 685 2994 Vas,
700 2933 714 2981 7
718 2932 732 2982 3
745 2948 834 3002 neque
847 2930 991 3002 qnisquam
1010 2930 1044 2984 ad
1063 2947 1113 2982 nos
1130 2928 1215 3000 perti-

181 3030 242 3066 nere
255 3012 308 3066 nisi
327 3013 401 3082 quod
420 3024 467 3067 aut
485 3014 545 3068 leue
564 3024 611 3070 aut
628 3034 753 3087 asperum
772 3017 800 3070 in
820 3034 932 3088 corpore
951 3015 1084 3070 sentiatur
1130 3015 1216 3067 absA

233 3118 242 3166 l
264 3117 373 3170 menses
388 3135 448 3171 sorr·
465 3119 504 3170 ns
519 3121 578 3174 AB
693 3120 810 3173 salutare
832 3123 868 3183 (re
886 3124 953 3185 corr)
974 3124 1001 3172 A
1107 3091 1215 3172 adriser-

180 3218 225 3254 tur
241 3203 269 3256 B
392 3205 550 3259 trasenna
577 3206 598 3266 ts
613 3211 699 3267 erasa)
721 3208 749 3259 Β
772 3205 917 3260 inscientia
940 3205 1100 3269 Lambinus,
1130 3210 1155 3257 et
1177 3204 1215 3258 sie

181 3304 252 3340 error
270 3293 298 3340 et
315 3286 457 3343 inscientia
475 3290 618 3360 iunpnntur
636 3293 731 3361 defin.
752 3291 772 3343 I
791 3293 831 3358 14,
851 3295 884 3344 46
972 3293 986 3342 3
1007 3289 1170 3344 naussumns
1187 3291 1215 3343 B

229 3391 367 3466 tdlorrur
383 3396 409 3445 A
480 3395 550 3459 sum]
571 3369 653 3472 qirbm
672 3397 699 3448 Β
717 3411 779 3446 runi
798 3396 845 3448 sect
860 3413 874 3448 τ
892 3413 906 3447 e
924 3413 983 3448 corr
999 3397 1025 3448 A
1095 3394 1214 3464 asperri-

179 3510 236 3547 τετε
254 3499 279 3548 Α
332 3511 393 3547 rum
411 3497 459 3549 sed
474 3513 489 3548 τ
506 3517 520 3550 e
538 3513 598 3551 corr
615 3500 641 3549 A
712 3500 726 3548 5
745 3507 910 3568 propterque
929 3496 1068 3550 deteriores
1086 3513 1213 3565 propter-

180 3578 231 3648 qui
251 3578 295 3644 (ui
312 3581 340 3632 in
358 3599 453 3634 ramira
472 3584 540 3645 sorr)
561 3587 587 3636 A
605 3583 731 3653 ppiquae
750 3585 797 3637 aad
813 3589 940 3638 naiadum
959 3583 986 3636 in
1004 3580 1060 3651 quis
1076 3583 1104 3636 B

228 3665 422 3719 hossnesrares
441 3669 508 3736 (suit
525 3675 554 3722 ut
570 3669 675 3722 uidetur
693 3667 902 3734 hommesrates)
923 3673 950 3722 A
974 3666 1133 3721 honestates
1151 3685 1214 3770 pprr

181 3769 245 3822 aa
333 3769 453 3848 bglorrp
474 3769 492 3832 (l
509 3792 523 3824 e
541 3774 608 3834 corn)
628 3776 654 3826 A
742 3787 795 3843 que
814 3790 873 3825 corr·
891 3789 938 3842 qui
956 3773 1017 3825 AB
1104 3769 1214 3822 honeln

185 3872 236 3931 tora
253 3891 296 3924 ma
311 3891 348 3941 pr
365 3874 570 3942 superscriptum
589 3875 618 3927 el
633 3894 676 3928 ma
695 3877 733 3928 alt
751 3876 779 3929 in
798 3876 881 3928 litura
893 3876 954 3934 add)
970 3876 998 3928 Β
1064 3874 1076 3922 l
1097 3860 1214 3942 inglorii

180 3961 205 4009 A
232 3956 340 4028 inglorq
371 3959 419 4012 secl
442 3977 454 4028 J
484 3979 497 4013 e
527 3978 587 4012 corr
604 3963 632 4014 B
691 3960 810 4030 inglorii.
831 3960 884 4014 iam
914 3959 1055 4013 molestiae
1085 3959 1214 4012 Damius

229 4043 243 4092 8
262 4042 369 4096 letinae
387 4047 414 4097 A
494 4045 655 4115 ouprdnanl
671 4047 792 4100 corriel
807 4049 866 4101 AB
947 4047 963 4097 9
982 4062 1031 4098 nes
1049 4045 1214 4098 Heinsianus

180 4144 213 4181 ne
230 4129 291 4181 AB
313 4129 366 4194 (su)
474 4130 526 4184 alre
544 4136 571 4186 A
590 4139 614 4186 et
627 4151 666 4202 pr
684 4135 711 4188 B
799 4149 866 4203 spur
885 4150 944 4186 corr
962 4130 1034 4202 apud
1051 4135 1077 4184 A
1095 4129 1166 4200 apud
1185 4132 1214 4184 B
