3018 4718
633 327 815 394 111,2--3
1201 319 1241 380 57

205 490 336 566 omnies
352 490 398 551 sie
420 490 456 552 in
479 487 531 552 his
554 490 634 572 ipsis
650 489 758 566 rabba,
785 509 868 570 quae
884 485 925 550 ad
939 487 1117 570 requietem
1140 489 1242 551 animi

205 592 516 674 delectationemque
546 602 761 674 quaeruntur,
793 601 908 654 natura
936 589 1130 654 dominatur.
1178 613 1241 674 qua

204 718 240 758 re
262 706 357 758 antea
378 695 535 772 mirabar,
567 695 652 758 nihil
681 695 769 757 enim
791 694 842 756 his
864 694 900 756 in
921 692 1001 756 locis
1023 693 1088 756 nisi
1110 715 1187 756 saxa
1209 704 1241 757 et

205 809 332 862 montes
373 798 555 880 cogitabam
591 799 701 880 itaque
734 808 771 860 ut
803 796 941 860 facerem
974 806 1007 860 et
1041 797 1241 860 orationibus

204 902 382 964 induoebar
404 901 469 963 tuis
493 912 525 964 et
546 900 712 977 uersibus,
745 901 802 962 sed
831 899 985 976 mirabar,
1020 908 1058 961 ut
1087 899 1172 975 dixi,
1208 908 1266 961 te⁵

204 1015 272 1067 tam
301 1004 397 1066 ualde
424 1004 486 1066 hoe
513 1003 586 1066 loeo
608 1003 777 1066 delectari:
814 1023 903 1064 nuno
931 1011 1042 1065 contra
1069 1001 1167 1064 miror
1195 1012 1238 1078 te,

205 1129 281 1170 eum
302 1108 408 1170 Roma
430 1107 528 1182 absis,
552 1128 690 1189 usquam
711 1106 820 1189 potius
843 1126 923 1168 esse.

168 1211 187 1267 3
270 1209 421 1272 Mauors.
467 1209 538 1292 Ego
568 1217 676 1286 uero‚'
696 1229 771 1272 oum
799 1207 875 1271 lieet
896 1207 999 1290 pluris
1022 1206 1091 1271 dies
1115 1208 1238 1284 abesse,

204 1313 393 1396 praesertim
415 1311 478 1374 hoo
500 1321 644 1395 tempore
667 1313 763 1389 anni,
793 1322 826 1374 et
848 1311 1077 1373 amoenitatem
1106 1311 1191 1374 hano
1212 1320 1243 1374 et

204 1413 428 1478 salubritatem
472 1415 577 1496 [hane]
622 1435 754 1500 sequor,
796 1434 868 1476 raro
905 1425 1014 1477 autem
1049 1414 1137 1478 lieet.
1185 1415 1242 1478 sed
1256 1421 1280 1463 ¹⁰

203 1518 358 1581 nimirum
385 1516 524 1580 mealia
552 1537 683 1600 quoqne
705 1537 801 1580 eausa
830 1515 984 1593 delectat,
1016 1537 1098 1598 quae
1120 1526 1153 1579 te
1174 1537 1242 1578 non

206 1621 337 1704 attingit
358 1621 415 1685 ita.

270 1727 425 1787 albumve.
474 1725 567 1790 Quae
590 1723 722 1787 tandem
743 1723 806 1786 ista
827 1744 924 1785 causa
947 1719 1013 1784 est?

269 1827 418 1891 Mmcvs.
466 1827 570 1904 Quia,
604 1826 632 1889 si
660 1847 776 1889 uerum
805 1826 960 1903 dicimus,
990 1825 1070 1888 haee
1099 1834 1242 1888 estmoe

205 1941 238 1994 et
271 1931 369 1993 huius
402 1929 510 1992 fratris
539 1929 605 1992 mei
632 1951 786 2012 gennano
813 1929 933 2012 patria:
970 1928 1024 1996 hio
1058 1928 1146 1992 enim
1179 1927 1241 1990 orti
1255 1943 1280 1984 15

205 2033 303 2116 stirpe
326 2033 552 2115 antiquissima
582 2053 713 2108 sumus3
743 2031 797 2094 hio
827 2053 932 2109 saera,
964 2031 1017 2095 hio
1046 2053 1163 2114 genno,
1188 2031 1242 2094 hio

203 2137 362 2198 maiorum
385 2135 489 2198 multa
511 2135 661 2218 uestigia.
709 2135 787 2218 quid
808 2134 921 2218 plural
948 2135 1032 2198 hano
1054 2131 1147 2197 uides
1171 2134 1241 2196 uil-
1322 2147 1324 2152 '

202 2237 280 2313 lam,
315 2251 353 2300 nt
384 2259 474 2300 nuno
504 2237 636 2320 quidem
664 2248 730 2315 est,
764 2237 885 2300 lautius
919 2238 1120 2300 aedificatam
1142 2237 1240 2320 patris

259 2494 349 2547 lmus
359 2497 412 2548 Be
430 2511 498 2558 corr,
518 2494 622 2547 uidetur
639 2511 668 2546 n1
670 2493 691 2546 s1
701 2495 791 2562 fabae
895 2493 910 2543 2
935 2491 1197 2559 drleeranouemque
1215 2496 1241 2544 A

205 2597 422 2650 deleeranonem
441 2613 517 2668 quem
531 2599 559 2650 Β
654 2612 807 2665 queruntur
825 2613 885 2648 corr
905 2611 978 2698 qula
976 2595 1003 2648 Β
1099 2593 1225 2646 3laxa'
1213 2611 1241 2645 aa

203 2704 335 2754 raauraA
422 2699 740 2752 4munteseorrmonA
845 2662 967 2774 cogrruie
960 2671 1016 2751 mB
1034 2695 1164 2765 cogitabo
1182 2713 1242 2748 corr

205 2821 238 2856 aa
256 2804 378 2872 cogitari
397 2806 437 2864 A;
449 2805 571 2872 sortasse
594 2801 743 2870 cogitaram
821 2774 996 2854 51udueeba
1013 2803 1041 2854 Β
1120 2815 1241 2852 reatem

203 2895 305 2941 correct
321 2889 425 2941 uidetur
442 2907 474 2942 ea
491 2905 593 2941 renam
610 2893 636 2942 A
706 2885 876 2940 fidelectare
894 2889 920 2938 A
990 2885 1095 2938 labsis
1105 2885 1241 2938 laras-ara

203 2993 269 3044 qaae
286 2975 365 3028 etiam
379 2973 531 3044 proximam
549 2989 568 3025 u
586 2973 693 3042 attiaqit
708 2976 749 3037 A,
769 2989 851 3042 aeque
868 2977 955 3024 tamen
973 2971 1048 3025 ataad
1064 2971 1241 3040 quaerendam

204 3077 262 3112 ceam
279 3060 390 3113 Halmio
493 3058 588 3130 pomus
608 3063 629 3123 (e
646 3063 775 3110 mutatam
792 3059 820 3110 ia
838 3055 862 3126 τ)
883 3059 911 3110 Β
1015 3057 1141 3126 &plures
1156 3057 1184 3109 Β

204 3145 295 3199 abesse
312 3145 477 3200 Heinaiaauo
495 3143 587 3198 abesib
603 3149 629 3199 A
647 3143 705 3196 abe*
705 3159 719 3196 e
737 3159 797 3195 corr
814 3142 843 3195 ia
860 3141 918 3196 ebe*
919 3159 961 3195 em
980 3143 1007 3196 Β
1064 3143 1080 3192 9
1099 3159 1130 3195 et
1148 3159 1241 3195 amoe-

207 3265 326 3302 umarem
345 3217 599 3302 haneisalubmare
616 3247 686 3300 bano
707 3245 760 3309 (alu
779 3247 807 3298 in
824 3248 931 3310 rantra)
952 3247 978 3296 A
997 3244 1023 3297 81
1041 3261 1241 3299 amoemtarem

206 3320 495 3418 hanc⁵lellubntarem
518 3349 588 3404 banc
600 3350 628 3403 Β
652 3366 683 3402 er
700 3365 899 3402 amoenitatem
918 3365 949 3402 et
961 3347 1152 3402 lelubnratem
1171 3347 1241 3401 hano

204 3437 383 3490 Heimtanaa:
414 3437 512 3490 dubito
525 3437 557 3488 da
580 3433 691 3488 ueritate
714 3435 860 3504 scripturae
878 3440 903 3488 et
926 3436 1042 3504 mapieor
1059 3434 1149 3504 sabae
1168 3433 1240 3486 salu-

205 3521 332 3576 britatem
350 3521 421 3575 hane
439 3528 468 3575 et
493 3520 686 3574 amoenitatem
708 3519 825 3586 [bench
845 3523 937 3589 confer
953 3522 1007 3574 ΠΙ
1022 3521 1066 3584 18,
1087 3522 1119 3572 42

207 3627 233 3675 11
261 3598 416 3680 αἱῗὲοἷωοοαυία
439 3628 465 3678 A
590 3625 619 3676 12
639 3640 760 3694 arnngrr
777 3639 913 3702 lta-quae
939 3623 1053 3675 tandem
1077 3623 1242 3677 Heinaa’aaue

206 3710 450 3781 amatumque
468 3709 584 3764 tandem
601 3711 661 3763 AB
782 3710 835 3770 Qut
851 3709 889 3761 ita
906 3709 1000 3772 delent,
1018 3709 1115 3786 'tollunt
1131 3708 1241 3760 urbani-

205 3819 284 3866 tatem
302 3815 428 3868 oratiom'a
500 3817 531 3866 15
549 3814 678 3884 pomata
694 3813 814 3865 altimum
832 3812 860 3864 ia
878 3814 1019 3875 rasuram
1088 3800 1188 3882 hrboB

206 3915 285 3952 *orn
307 3904 344 3963 (rt
362 3903 428 3963 corr)
450 3903 477 3952 A
548 3901 578 3951 16
591 3899 676 3968 turpe
699 3903 720 3962 (τ
738 3917 751 3951 e
770 3900 836 3962 carr)
858 3897 885 3950 Β
948 3913 1016 3966 gens
1030 3897 1067 3948 R.
1082 3896 1238 3966 Stephanae,

205 3987 297 4054 confer
314 3987 352 4038 ΙΙ
364 3987 407 4050 22,
429 3987 461 4036 55
479 3992 556 4038 extra
574 4001 649 4038 sacre
667 3992 695 4036 et
711 3991 821 4052 gentem
908 3985 937 4034 17
957 3981 1023 4051 qmd
1041 3999 1100 4034 carr
1117 4000 1149 4034 aa
1167 3981 1240 4050 quod

209 4067 259 4137 (qd)
279 4071 333 4124 AB
402 4069 472 4147 bane
490 4070 555 4146 uide
574 4069 644 4124 hanc
662 4069 741 4122 mdes
755 4071 783 4124 Β
864 4069 893 4120 18
918 4067 1090 4122 aeduorum
1110 4069 1240 4122 Heinsio·
