3024 4710
559 329 598 372 111
624 321 712 385 18,11
738 347 781 360 -
805 322 896 388 11111
1173 314 1230 374 161
1315 315 1320 326 “

197 483 337 559 dicione,
351 481 499 558 foedere;
516 492 625 545 tenere
637 483 907 546 consuetudinem
919 480 1125 557 decernendi,
1139 502 1236 544 nosse

198 585 348 670 exempla
369 584 539 648 maiorum.
579 584 699 649 uidetis
720 587 785 650 iarn
807 607 911 670 genus
933 585 996 648 hoe
1010 605 1106 648 omne
1129 583 1235 647 scien·

199 689 274 766 tiae,
305 687 505 772 diligentiae,
536 687 721 764 memoriae,
750 689 820 752 sine
843 711 914 772 ¹quo
936 697 1067 772 paratus
1091 709 1160 750 esse
1183 708 1235 750 se·
1301 768 1304 776 Ι

199 803 294 856 nator
314 791 407 854 nullo
431 786 524 875 pecto
546 801 662 874 potest.

74 929 79 936 ·
146 907 188 963 42
263 894 427 978 Deinceps
450 904 527 957 sunt
549 915 623 957 cum
645 894 767 978 populo
790 893 944 971 actiones,
969 894 1004 957 in
1026 893 1145 978 quibus
1167 893 1235 977 pri-
1262 910 1275 949 ⁵

200 1019 291 1062 mum
307 1008 339 1061 et
353 996 533 1060 maximum
548 997 610 1060 uis
633 997 781 1060 abesto.
799 996 884 1060 nihil
900 1007 948 1060 est
964 997 1050 1060 enim
1066 995 1235 1060 exitiosius

80 1155 84 1162 .
200 1100 401 1176 ciuitatibus,
425 1099 509 1163 nihil
531 1111 598 1164 tam
620 1098 817 1163 contrarium
839 1100 903 1162 iuri
925 1110 957 1164 et
978 1099 1126 1184 legibue,
1151 1099 1236 1163 nihil
1339 1167 1342 1172 ,

79 1188 82 1194 ’
198 1205 308 1269 minus
331 1214 364 1266 et
386 1202 483 1266 ciuile
505 1213 554 1266 est
576 1201 758 1266 humanum
780 1219 878 1286 quarn
900 1203 1078 1287 composita
1098 1214 1131 1267 et
1152 1223 1236 1266 con-

124 1381 128 1388 ἱ
201 1306 313 1371 stituta
335 1328 369 1370 re
391 1305 532 1390 publica
545 1305 717 1389 quiequam
740 1305 793 1390 agi
814 1327 872 1388 per
893 1305 973 1368 uim.
1012 1327 1123 1390 parere
1145 1306 1237 1370 iubet

132 1391 137 1399 ,
200 1408 413 1485 intercessori,
438 1429 503 1491 quo
525 1407 609 1472 nihil
631 1407 867 1492 praestantius3
898 1407 1038 1492 inpediri
1061 1408 1149 1472 enim
1171 1411 1236 1472 bo·-
1252 1425 1274 1466 10

151 1515 277 1597 l9narn
299 1534 368 1576 rem
389 1509 506 1596 melius
529 1533 627 1596 quum
650 1511 783 1574 concedi
805 1510 920 1574 malae.
945 1510 1033 1595 quod
1047 1532 1125 1574 uero
1148 1523 1236 1576 acto-

200 1617 243 1678 ris
270 1614 369 1678 iubeo
398 1635 468 1678 esse
491 1613 654 1691 fraudem,
685 1613 721 1676 id
743 1623 848 1677 toturn
870 1613 939 1677 dixi
963 1601 1003 1678 ex
1026 1614 1154 1692 Crassi,
1179 1637 1237 1679 sa-

151 1727 153 1730 ’
198 1717 394 1804 pientissimi
416 1717 575 1794 hominiS,
595 1717 773 1782 sententia:
800 1739 896 1806 quern
912 1727 961 1780 est
974 1728 1115 1788 ¹senatus
1138 1739 1237 1781 secu·

200 1831 265 1899 tus,
290 1820 365 1884 cum
387 1819 583 1885 decreuisset
598 1820 637 1883 Ο.
657 1819 795 1884 Claudio
818 1820 951 1884 consule
973 1821 1013 1884 de
1029 1820 1092 1883 On.
1107 1820 1237 1884 Carbo-

200 1923 252 1986 nis
285 1923 445 1988 seditione
475 1921 633 2008 referente
640 1971 649 2000 ,
684 1923 790 1986 inuito
827 1945 884 2000 eo,
920 1923 977 2007 qui
1011 1921 1085 1987 curn
1113 1924 1276 2007 populos

199 2037 327 2110 ageret,
357 2026 550 2090 seditionem
575 2047 644 2088 non
672 2047 767 2110 posse
796 2025 886 2102 fieri,
916 2017 1037 2111 qnippe
1060 2027 1114 2090 cui
1141 2027 1237 2092 liceat

198 2129 387 2206 concilium,
412 2129 509 2192 simul
532 2139 628 2214 atque
649 2127 863 2192 intercessum
884 2129 1071 2214 turbarique
1086 2141 1237 2214 coeptum

201 2233 254 2311 sit,
279 2232 451 2321 dimittere.
487 2231 575 2316 quod
597 2231 653 2314 qni
676 2241 862 2315 permonet,
895 2253 969 2296 curn
991 2232 1044 2316 agi
1066 2233 1150 2296 nihil
1171 2255 1237 2316 po-

200 2346 275 2413 test,
301 2336 369 2398 uim
391 2334 534 2418 quaerit,
566 2334 659 2398 cuius
683 2335 901 2418 inpunitatem
929 2335 1047 2406 amittit
1069 2335 1130 2398 hac
1150 2335 1234 2419 lege.

387 2441 513 2450 ,Μ

253 2491 413 2544 conditione
431 2491 459 2543 A
573 2491 584 2540 l
606 2468 770 2543 decernendi
788 2489 911 2543 adih‘oues
929 2489 1088 2544 secernendi
1106 2491 1134 2543 A

201 2595 217 2646 2
235 2580 339 2647 misens
354 2611 414 2646 corr
431 2610 463 2645 ex
481 2589 591 2646 uideres
604 2598 634 2645 ut
650 2591 754 2646 uidetur
771 2593 799 2645 A
892 2603 894 2610 ’
946 2607 1027 2646 omne
1045 2594 1169 2648 editiones
1187 2592 1242 2646 oriri*

204 2682 256 2745 (sict
278 2683 305 2732 A
324 2696 404 2732 omne
423 2694 482 2731 esse
500 2679 626 2732 Halmius
704 2681 720 2730 3
738 2678 998 2748 mamonae-dequo
1015 2680 1062 2731 aad
1078 2679 1112 2732 de
1130 2697 1190 2733 corr
1206 2695 1239 2734 ea

201 2783 235 2820 ne
254 2769 295 2818 A:
316 2766 415 2819 scilicet
431 2761 637 2817 memonaesme
656 2781 710 2834 quo
729 2762 838 2817 obiitin
856 2763 1046 2818 memonaalt
1064 2781 1099 2818 ne
1118 2782 1173 2834 quo
1196 2767 1239 2818 uel

201 2867 332 2904 memoria
350 2857 365 2903 e
383 2865 418 2903 ne
436 2867 506 2919 qu0;
527 2848 673 2904 memoriae
691 2865 750 2902 esse
769 2847 894 2918 sine'quo
908 2850 945 2902 R.
961 2849 1109 2918 Stephanus
1125 2852 1238 2912 (memo-

201 2936 268 2990 riam
286 2937 461 3006 messmam
481 2932 527 2989 sed
543 2951 602 2989 esse
620 2940 794 2990 necessarium
811 2952 865 2988 uon
878 2938 946 3006 puto
1030 2917 1069 2987 edu
1086 2951 1147 2987 corr
1164 2932 1192 2987 ὦ
1209 2939 1238 2988 A

254 3025 268 3073 7
287 3040 319 3077 ac
336 3023 365 3076 iu
383 3039 478 3076 rasura
496 3023 532 3086 A,
548 3020 690 3090 potentiue
708 3021 839 3090 scriptura
857 3021 978 3090 copnosea'
992 3038 1045 3074 uon
1057 3025 1158 3090 potest,
1185 3023 1240 3076 uisi

200 3110 270 3178 pund
291 3107 506 3176 anteposuisse
525 3112 621 3161 eertum
646 3113 697 3170 est,
725 3107 798 3160 tenui
817 3107 900 3176 ipitur
923 3107 992 3178 quod
1013 3112 1074 3160 aute
1096 3105 1237 3161 Helinium

199 3211 358 3281 culpabatur
376 3217 416 3274 et;
436 3211 506 3279 coras.
528 3211 548 3264 l
562 3209 604 3275 21,
620 3211 652 3262 56
782 3211 798 3261 8
817 3197 909 3262 minus
912 3207 1012 3264 *ciuile
1031 3178 1240 3281 elt⁸humanjrif

204 3297 235 3358 (h.
252 3317 273 3350 e.
295 3296 449 3358 humanius)
465 3301 519 3365 qua
541 3297 608 3366 [fud
620 3293 736 3350 minule
749 3295 794 3350 uel
804 3300 819 3348 ὃ
831 3295 911 3350 ciuile
930 3293 973 3348 eir
985 3294 1121 3349 humanus
1132 3301 1194 3366 qua)
1209 3300 1237 3351 A

130 3409 133 3414 ¹
201 3382 270 3437 nihil
288 3382 379 3436 minus
396 3380 476 3436 ciuile
494 3387 535 3435 est
552 3387 580 3435 et
597 3381 747 3435 humanum
765 3381 890 3435 uiuam
907 3386 1022 3436 ausum
1043 3381 1132 3456 (ciuile
1145 3388 1173 3436 at
1185 3381 1238 3436 hu·

202 3485 311 3522 manum
333 3469 360 3522 0.
382 3467 555 3536 stamnum
581 3469 629 3522 aad
650 3468 769 3538 suspicor
777 3467 867 3546 suasae
892 3465 960 3520 nihil
979 3467 1069 3520 minus
1087 3466 1236 3521 humanum

200 3562 229 3608 et
246 3553 326 3608 ciuile
344 3561 394 3618 est,
415 3554 485 3623 quod
500 3571 550 3624 quo
562 3555 637 3608 modo
654 3553 749 3608 abunt
760 3553 788 3606 iu
795 3553 962 3622 peinaitiuom
974 3552 1069 3607 codicia
1080 3553 1238 3622 nupturam

191 3641 280 3709 facilc
293 3639 449 3709 intellipa'tur
530 3639 546 3690 9
564 3635 682 3709 quicqua
694 3637 788 3708 agilia
799 3656 894 3694 rasura
907 3640 935 3692 A
1007 3640 1038 3692 10
1056 3639 1238 3710 praestantius

200 3727 326 3780 editiones
343 3723 503 3804 prelnulA
592 3727 620 3778 ll
642 3725 741 3780 actoris
759 3724 884 3779 editiones
901 3721 1009 3779 actores
1023 3727 1050 3780 A
1134 3725 1163 3774 12
1182 3722 1238 3777 dixi

208 3813 337 3866 Victorius
355 3809 409 3866 drc1
421 3814 449 3866 A
522 3813 552 3862 14
571 3809 604 3865 de
617 3809 668 3864 On.
684 3809 818 3865 Carbonis
835 3809 969 3864 Turnebus
987 3808 1237 3880 dign·carbon1sA

200 3915 236 3969 de
255 3913 285 3969 C.
307 3913 441 3970 Carbonis
458 3920 520 3968 aruc
542 3913 689 3968 Tantalum
761 3914 791 3966 17
810 3913 1000 3984 rurbanqmel
1022 3885 1132 3966 coerirn'r
1151 3915 1177 3964 A

203 4003 235 4054 18
253 3999 363 4074 pmcn&
385 4003 412 4064 (u
430 4019 490 4056 corr
506 4017 539 4058 er
556 4017 575 4054 u
592 4005 621 4052 ut
637 3999 750 4062 uidetur)
771 4002 798 4054 A
875 4006 937 4053 curn
955 3999 1007 4069 agi]
1027 3998 1090 4052 laec
1106 4015 1185 4068 usque
1202 3999 1240 4054 od

200 4085 335 4156 religione
356 4087 461 4150 165,11
480 4086 555 4140 tabet
572 4085 599 4139 B
612 4091 674 4156 poet
690 4083 780 4154 legem
793 4103 825 4155 p.
849 4086 906 4148 151,
924 4085 954 4136 16
1088 4085 1119 4136 19
1137 4082 1237 4138 amittit

1051 4187 1079 4238 11
