2990 4720
272 333 311 392 ’ῃ
734 343 745 385 ι
769 334 796 398 ι,
815 333 848 382 25

270 500 335 562 iam
358 519 434 561 uero
450 498 554 560 uirtus
571 496 683 558 eadem
706 495 741 556 in
756 493 893 556 homine
917 513 954 554 ac
967 492 1028 554 deo
1041 501 1091 553 est
1113 511 1223 572 neque
1247 488 1312 551 alio

268 603 335 664 ullo
358 602 393 662 in
416 619 533 681 genere
555 608 737 680 proetereo3
771 606 819 658 est
849 605 959 658 autem
982 594 1089 656 uirtus
1113 593 1198 654 nihil
1221 591 1314 654 aliud

268 705 332 768 uisi
355 701 496 787 perfecto
519 711 551 763 et
573 700 613 762 ud
629 719 794 762 summum
809 698 967 781 perducta
982 707 1119 758 nutura:
1147 705 1196 758 est
1210 694 1315 776 igitur

269 805 394 870 homiui
421 824 495 866 curn
525 803 586 866 deo
616 801 806 864 similitude.
854 802 943 882 quod
972 821 1047 862 cum
1077 800 1123 862 ita
1146 797 1200 874 sit,
1228 817 1313 879 quae

244 909 399 971 otendem
423 927 491 968 esse
519 915 626 989 potest
652 904 782 987 propior
812 903 970 966 certiorne
998 900 1169 985 cognatio?
1199 899 1313 981 itaque

269 1012 310 1074 ad
331 1009 501 1073 hominum
525 1005 767 1070 commoditates
791 1017 823 1069 et
838 1028 918 1068 usus
942 1017 1066 1068 tantam
1088 1026 1197 1067 rerum
1213 1004 1312 1066 uber-

269 1122 369 1176 tatem
391 1122 507 1173 nutura
522 1109 637 1192 largita
653 1119 713 1198 est,
738 1119 775 1171 ut
791 1131 840 1185 eu,
866 1129 949 1191 quae
970 1107 1166 1190 gignuntur,
1192 1106 1314 1167 donata

270 1212 417 1277 consulto
440 1211 547 1288 nobis,
572 1233 639 1274 non
662 1211 796 1275 fortuito
819 1222 896 1275 nata
915 1211 1102 1287 uideantur,
1128 1231 1189 1272 nec
1205 1207 1314 1272 solum

272 1337 320 1392 ea,
346 1337 429 1397 quae
451 1314 600 1397 frugibus
624 1325 720 1396 atque
736 1315 825 1377 bacis
848 1325 950 1377 terrae
965 1314 1036 1376 fetu
1051 1312 1311 1396 profunduntur,

272 1557 312 1616 24,
336 1555 367 1605 58
386 1545 510 1622 agnoscit
526 1551 574 1606 illa
591 1550 790 1606 reminiscendo
844 1552 1000 1607 Lactantius
1018 1556 1085 1607 lust.
1106 1551 1162 1604 diu.
1177 1549 1237 1604 III
1246 1551 1312 1614 10‚7

272 1639 333 1698 Qua
351 1639 384 1692 de
403 1655 431 1691 re
445 1635 583 1692 Ciceronis
601 1653 666 1690 uera
684 1645 725 1690 est
744 1639 894 1692 sententio:
913 1639 957 1691 Ex
972 1649 1021 1700 tot,
1043 1638 1142 1707 inquit,
1163 1635 1314 1706 generibus

272 1725 377 1778 nullum
396 1731 438 1777 est
455 1723 556 1776 animal
573 1731 681 1794 praeter
704 1722 858 1789 hominem,
885 1726 959 1795 quod
983 1723 1084 1778 habeut
1108 1722 1234 1776 notitiam
1260 1720 1313 1774 ali-

272 1828 353 1880 quem
372 1809 428 1873 dei,
450 1808 570 1878 ipsisque
588 1807 616 1862 in
635 1807 792 1862 hominibus
810 1810 886 1863 nulla
904 1827 971 1880 gens
990 1819 1033 1864 est
1050 1827 1140 1879 neque
1158 1816 1215 1860 tum
1233 1825 1315 1860 mun-

273 1905 348 1950 sueta
378 1895 565 1958 [immansueta
594 1893 657 1948 lion·
681 1894 813 1958 nonrmlli)
841 1913 930 1966 neque
960 1907 1016 1948 mm
1045 1895 1118 1961 feru,
1153 1911 1225 1964 quoe
1254 1911 1313 1946 non

272 1981 378 2036 etiamsi
407 1979 515 2048 ignoret
544 1979 653 2049 qualem
679 1979 773 2034 heberi
803 1981 885 2035 deum
912 1981 1007 2036 deceat
1033 1989 1125 2034 tamen
1152 1979 1313 2033 habendum

272 2066 347 2120 sciat.
379 2082 412 2117 ex
435 2081 490 2134 quo
509 2063 626 2118 efficitur
647 2065 801 2130 (omilim),
829 2076 859 2121 ut
876 2067 900 2121 is
918 2077 1048 2136 agnoscat
1066 2067 1159 2132 deum,
1179 2064 1226 2134 qui
1238 2064 1314 2118 unde

273 2160 347 2206 ortus
366 2150 401 2204 sit
418 2150 494 2220 quasi
513 2149 670 2204 recordetur
691 2152 743 2217 (om
761 2158 910 2220 agnoscat).
940 2152 1014 2207 Ibid.
1033 2152 1096 2205 VII
1103 2154 1129 2218 9,
1144 2155 1174 2206 to
1187 2149 1257 2204 illud
1270 2167 1314 2203 ar·

272 2244 442 2308 gementum,
462 2235 634 2306 quodetiam
653 2235 691 2289 M.
713 2236 817 2290 Tullius
836 2237 914 2302 uidit,
936 2238 1001 2292 satis
1021 2238 1129 2292 firmum
1148 2245 1198 2293 est.
1227 2252 1313 2290 exeo

273 2322 461 2378 aeternitatem
480 2321 586 2376 animae
604 2338 685 2392 posse
703 2321 836 2392 dignosci,
856 2323 921 2393 quia
939 2324 1045 2378 nullum
1064 2326 1099 2378 sit
1111 2323 1186 2377 eliud
1199 2322 1311 2387 animal,

273 2409 347 2479 quod
365 2409 463 2462 habeut
481 2407 604 2461 notitiam
624 2407 741 2476 aliquam
755 2408 808 2461 dei.
828 2410 946 2463 [derude
965 2410 1007 2462 ira
1025 2409 1069 2463 dei
1078 2413 1110 2476 ὅ,
1126 2411 1141 2460 6
1160 2408 1314 2478 Propterea

273 2495 378 2548 nullum
389 2505 429 2547 est
439 2492 549 2560 animal,
569 2501 599 2546 ut
608 2492 646 2546 ait
658 2492 762 2558 Cicero,
781 2503 889 2564 praeter
898 2493 1046 2560 homiuem,
1061 2495 1136 2565 quod
1147 2493 1249 2548 haheat
1261 2493 1314 2546 ali·

273 2597 354 2652 quam
367 2579 491 2633 notitiam
503 2579 556 2632 dei.
583 2585 695 2632 ceterum
709 2597 740 2632 ec
751 2581 796 2632 doc
803 2580 972 2649 potissimum
986 2583 1039 2635 loco
1051 2581 1162 2634 colorem
1181 2579 1313 2650 quendam

274 2667 377 2720 duriose
395 2666 518 2717 omenco-
535 2682 602 2735 puue
619 2664 711 2720 scribit
723 2665 882 2720 Lactantius
894 2665 966 2720 Irist.
987 2667 1042 2720 diu.
1063 2670 1085 2722 I
1097 2669 1151 2732 2,5
1170 2682 1251 2719 nemo
1271 2673 1314 2718 est

274 2752 346 2806 euim
364 2761 420 2804 tam
438 2750 521 2815 rudis,
542 2759 597 2804 tam
616 2751 680 2804 feris
698 2751 828 2816 moribus
855 2751 902 2822 qui
920 2771 986 2818 non,
1007 2753 1101 2808 oculos
1119 2770 1184 2806 suos
1202 2753 1231 2804 in
1249 2769 1312 2804 cae-

274 2839 331 2892 lum
349 2838 461 2899 tollent,
491 2837 598 2890 tametsi
617 2837 734 2902 nesciat,
764 2837 840 2891 cuius
864 2837 908 2891 dei
931 2839 1107 2908 prouidentia
1130 2847 1242 2908 regotur
1260 2837 1313 2891 hoc

275 2942 364 2991 omne,
385 2922 459 2993 quod
477 2922 604 2986 cernitur,
625 2923 743 2993 aliquam
761 2936 853 2978 tamen
871 2927 929 2979 esse
948 2924 1084 2996 intelligat
1165 2927 1175 2975 1
1196 2922 1225 2975 Iu
1246 2940 1312 2976 uero

274 3028 364 3081 uirtus
382 3026 421 3095 {Ie
439 3044 457 3079 u
476 3024 504 3079 iu
521 3045 618 3080 rasura
637 3030 704 3090 corr]
726 3030 751 3078 A
768 3001 859 3082 uiiius
868 3027 896 3079 Β
908 3027 1002 3080 omisso
1014 3044 1080 3082 uero
1135 3029 1150 3077 2
1169 3027 1197 3080 in
1211 3043 1312 3096 genere

275 3111 407 3166 Dauisr'us
425 3129 536 3183 tngemo
554 3116 613 3168 ΑΒ
712 3121 859 3184 praeterea.
881 3120 922 3166 est
946 3123 1037 3168 autem
1060 3113 1185 3166 editiones
1202 3112 1314 3182 proteus

274 3215 366 3252 aurem
389 3199 454 3263 (eui)
479 3201 540 3253 AB
620 3202 634 3250 3
659 3199 712 3252 nisi
738 3199 858 3268 perfecta
884 3198 992 3255 Badius
1019 3199 1076 3252 mse
1103 3199 1228 3269 perfecto
1253 3197 1312 3250 ΑΒ

274 3301 354 3353 quum
373 3284 401 3338 in
421 3301 449 3337 se
467 3284 587 3354 perfecta
611 3285 751 3338 deteriores
854 3284 957 3354 pducra
981 3302 1080 3339 natura
1104 3285 1147 3339 est
1164 3285 1225 3336 AB
1248 3301 1310 3354 per·

274 3370 363 3424 ductu.
391 3369 534 3424 Naturalis
556 3371 598 3423 est
621 3370 788 3424 Heinriunur
818 3371 949 3442 perducta
973 3380 1078 3424 natura.
1104 3370 1246 3425 Naturalis
1270 3379 1313 3424 est

273 3473 301 3526 J.
323 3472 448 3526 Kler'm'ue
466 3491 493 3526 n.
515 3490 581 3526 utres.
601 3473 689 3526 Rdeo.
709 3473 822 3527 XXIV
837 3476 887 3528 496
941 3480 956 3524 4
975 3441 1119 3550 duomded
1118 3474 1268 3527 srmrlrrudo
1283 3476 1312 3528 B

326 3576 400 3647 quod
426 3577 476 3641 (od
500 3583 566 3642 corr)
593 3581 621 3632 Α
645 3543 725 3655 qudni
746 3577 781 3644 [d.
802 3595 823 3630 e.
849 3595 932 3648 quom
955 3596 990 3648 pr
1008 3595 1067 3632 corr
1085 3578 1113 3630 iu
1133 3594 1219 3648 quae,
1251 3577 1311 3630 dein

273 3687 403 3735 mirratum
423 3679 450 3734 iu
468 3681 552 3751 quod]
572 3681 599 3733 B
658 3697 710 3752 que
722 3697 790 3783 acorr
808 3696 860 3760 que
878 3679 906 3732 Β
977 3685 992 3733 5
1010 3697 1122 3751 propior
1141 3679 1169 3733 in
1189 3680 1271 3733 litura
1285 3682 1312 3734 Β

273 3801 379 3856 ppror*
397 3785 424 3837 Α
495 3801 771 3854 οειοιοιχιιεοοςιιιτιο
785 3786 812 3838 Β
836 3801 972 3838 cerciorue
985 3801 1114 3854 cognatio
1127 3786 1172 3836 sed
1183 3803 1199 3837 a
1211 3801 1271 3836 corr
1283 3787 1311 3837 A

326 3872 341 3922 6
360 3870 393 3924 ad
415 3871 441 3936 (d
459 3887 518 3924 corr
535 3887 567 3924 ex
584 3871 645 3924 but
658 3869 771 3934 uidetur)
787 3870 850 3924 AB
902 3870 1109 3924 commoditatis
1129 3871 1166 3935 (es
1176 3869 1244 3936 corr)
1258 3869 1312 3924 AB

326 3975 341 4026 8
360 3948 484 4042 consult}
499 3975 524 4026 Β
542 3974 667 4028 consulto
685 3976 732 4028 red
749 3992 765 4028 o
785 3975 909 4028 ultimum
927 3991 989 4029 corr
1007 3991 1039 4026 ee
1057 3991 1073 4026 a
1090 3975 1116 4024 A
1204 3976 1219 4025 9
1238 3989 1309 4044 aesq3

275 4095 335 4131 corr
353 4079 435 4148 *erip
456 4080 484 4131 B
536 4051 695 4157 bugrsrerpe
714 4077 741 4130 Β
765 4078 840 4131 bacis
854 4094 930 4154 terre
947 4079 993 4130 sed
1010 4077 1049 4130 crs
1063 4093 1109 4129 rer
1127 4077 1155 4130 in
1175 4094 1271 4130 rasura
1284 4081 1311 4130 Α
