3016 4714
278 289 320 350 94
685 307 711 348 11
735 299 779 362 is,
798 299 876 348 ai-
890 295 923 347 aa

344 457 502 522 Publicus
525 469 634 521 autern
656 458 803 521 sacerdos
830 457 1074 541 inprudentiam
1096 457 1231 520 consilio
1256 477 1319 519 ex-

278 560 400 644 piatam
428 569 519 623 metu
547 561 681 637 liberet,
713 553 881 624 audaciam
909 559 980 626 inet
1008 559 1205 624 inmitandas
1235 559 1319 622 reli·

277 663 431 746 gionibus
453 662 564 727 foedas
587 664 719 727 damnat
741 673 837 746 atque
859 662 994 745 impiam
1015 662 1147 726 iudicet.

342 767 411 830 Iam
433 766 504 830 ludi
525 767 649 849 publici
678 765 833 849 quoniam
861 775 938 829 sunt
960 787 1060 828 cauea
1089 766 1237 848 circoque
1260 765 1315 827 di·
1327 771 1368 828 38

240 888 253 926 a
279 869 371 946 uisis,
402 890 573 952 corporum
595 869 770 933 certatione
793 890 890 931 cursu
913 877 946 931 et
967 869 1131 952 pugillatu
1153 878 1186 930 et
1206 869 1317 931 lucta-

278 971 367 1034 tione
390 970 622 1055 curriculisque
645 993 802 1054 equorum
824 993 928 1054 usque
950 972 991 1034 ad
1013 982 1132 1034 certam
1147 969 1317 1034 uictoriam

279 1059 363 1136 circo
387 1073 588 1151 constitutis,
620 1095 720 1138 cauea
748 1086 846 1139 cantu
876 1073 986 1138 uideat
1014 1073 1135 1137 fidibus
1158 1083 1191 1137 et
1212 1073 1313 1151 tibiis,

278 1177 357 1239 dum
379 1175 475 1240 modo
491 1197 529 1240 ea
550 1174 715 1242 moderata
735 1177 812 1254 sint,
836 1187 874 1240 ut
894 1178 967 1260 lega
989 1177 1227 1261 praescribitur.
1254 1177 1316 1240 ad-

279 1277 402 1341 sentior
423 1279 511 1342 enim
525 1279 656 1344 Platoni
678 1280 762 1342 nihil
783 1289 849 1343 tani
864 1279 958 1343 facile
981 1279 1016 1342 iii
1039 1280 1165 1344 animos
1187 1288 1316 1342 teneros

329 1503 344 1554 2
363 1501 567 1556 audanaminer
594 1501 764 1555 inmirendas
779 1501 960 1570 religionibus
976 1502 1071 1556 foedas
1083 1507 1109 1557 A
1146 1502 1334 1556 audaciam&

276 1587 625 1657 ruminandislrehgroinb;
643 1587 739 1642 foedes
755 1589 782 1640 B
800 1587 940 1641 audaciam
958 1589 986 1642 in
1005 1589 1181 1658 admittendis
1205 1588 1315 1657 religio·

279 1673 361 1726 nibus
373 1673 462 1728 foedis
474 1693 506 1727 ec
518 1675 688 1728 deterioribus
704 1675 836 1743 nilpann,
858 1676 927 1742 qnod
942 1673 1009 1726 mi'ln‘
1024 1675 1127 1743 qnidam
1145 1692 1243 1727 aannnr
1261 1693 1317 1728 esse

276 1759 394 1822 uidetur,
422 1759 451 1812 in
482 1759 668 1813 Voananornnt
691 1760 823 1830 scriptura
847 1760 964 1828 nnpicor
990 1762 1041 1814 tale
1065 1761 1129 1832 qaid
1142 1759 1313 1828 ,delitesceret

277 1843 416 1898 audaciam
443 1852 567 1898 ruentem
594 1844 622 1897 in
652 1843 776 1898 licentias
804 1833 985 1914 religionibus
1010 1845 1125 1912 foedas,
1157 1863 1317 1916 qnamqnam

275 1937 401 1984 ruentem
423 1931 453 1993 (n.
470 1951 490 1983 e.
512 1934 598 1995 ruere)
621 1931 722 2000 tongins
739 1947 818 1998 qnam
834 1931 928 1984 nattam
945 1949 961 1982 a
974 1931 1089 1984 rodebam
1106 1933 1236 2001 saraptana
1254 1949 1318 1984 ines

276 2017 384 2070 taceat
470 2013 682 2085 3damn8derq·
700 2013 761 2081 (n&
778 2016 807 2068 r'n
824 2033 936 2083 rantra,
962 2033 1020 2091 arq·
1040 2018 1069 2070 in
1091 2017 1211 2087 marpine
1228 2019 1320 2071 nersai

276 2102 414 2172 appictum)
445 2103 473 2154 A
562 2105 579 2153 4
606 2101 702 2154 diuisis
727 2103 824 2172 scripsi
848 2101 997 2155 diuiiidrnt
1020 2105 1049 2158 B
1073 2100 1214 2156 diuitias
1236 2101 1317 2166 (init

275 2189 303 2240 in
326 2189 430 2252 rasura)
457 2191 484 2240 A
573 2190 588 2238 5
614 2185 762 2240 certatione
786 2189 829 2240 nir
852 2189 941 2242 doctus
963 2189 992 2241 in
1016 2189 1095 2242 Mne.
1126 2189 1199 2241 Obss.
1225 2188 1276 2242 IV
1299 2191 1314 2239 3

270 2308 301 2359 p.
324 2291 374 2341 334
393 2288 634 2343 serranonefAB
703 2289 838 2359 pugillatu
861 2296 890 2344 et
911 2289 1060 2344 luctatione
1083 2292 1180 2360 sampsi
1200 2263 1316 2360 pugillii⁰

275 2374 465 2429 ueluorarione
486 2377 537 2438 (rio
550 2393 567 2426 a
585 2392 645 2428 corr
661 2377 867 2446 nperscriptnnn
884 2382 910 2428 et
927 2393 961 2430 ue
974 2394 1034 2430 corr
1051 2379 1084 2454 in,
1098 2381 1141 2441 ne}
1162 2379 1224 2430 AB
1244 2377 1311 2441 taio),

275 2461 343 2514 anda
360 2477 440 2512 anam
458 2459 636 2530 pugillatione
654 2461 740 2530 effecit
757 2462 891 2526 Halmnis,
918 2481 970 2516 non
993 2468 1078 2516 recte.-
1102 2481 1166 2515 nam
1184 2463 1236 2516 tria
1254 2468 1315 2515 sant

274 2562 372 2614 penora
389 2562 527 2615 corporane
551 2545 715 2612 certationis,
742 2563 806 2615 qnae
828 2549 927 2601 Graeci
944 2549 1033 2601 dicant
1051 2547 1153 2619 δρόμοι,
1175 2547 1311 2618 coartans,

275 2629 454 2701 παλαιστικὴνι
481 2633 515 2701 cf.
543 2632 688 2702 Dionysias
706 2633 796 2685 Halic.
823 2633 885 2686 VH
897 2635 929 2684 73
952 2651 979 2703 p.
1004 2634 1070 2685 1499
1096 2633 1119 2686 οἱ
1142 2637 1196 2691 τοῖς
1216 2631 1313 2684 ἑαυτῶν

275 2717 387 2785 σώμασιν
407 2715 588 2788 ἀγωνιζόμενοι
611 2709 661 2769 τότ’
686 2711 815 2788 εἰσῄεσαν,
843 2717 947 2788 δρομεῖς
971 2737 999 2770 τε
1016 2720 1060 2772 καὶ
1085 2717 1177 2771 πύκται
1196 2719 1239 2769 nal
1262 2736 1314 2770 πα-

274 2801 380 2856 λαισταί.
405 2801 525 2873 Aristot.
551 2801 631 2855 Rhet.
658 2805 680 2857 I
699 2806 714 2854 5
723 2846 730 2878 ,
758 2805 821 2855 1361
849 2805 864 2855 b
888 2806 930 2856 24.
963 2805 1052 2858 Plant.
1077 2805 1176 2860 Bacch.
1207 2805 1309 2868 (1113,

275 2889 315 2955 24)
332 2888 382 2940 428
395 2888 432 2942 R.
454 2903 544 2953 eursu,
564 2887 749 2954 luctando,
770 2888 856 2952 hasta,
879 2889 963 2954 disco,
983 2889 1145 2959 pugilatu
1166 2888 1313 2960 (pugillatu

274 2991 355 3056 labra),
375 2989 440 3060 pila,
461 2989 589 3044 Saliendo
609 3006 667 3043 sese
686 2991 849 3044 exercebant
926 2994 942 3043 6
961 2966 1140 3062 eudicullsque
1158 2996 1184 3046 A
1266 2983 1313 3060 ae-

275 3110 392 3163 quorum
411 3095 438 3146 B
543 3096 557 3142 7
577 3066 656 3165 caljtu
675 3095 703 3148 B
811 3111 870 3148 uice
890 3069 924 3164 ad
943 3096 971 3149 B
985 3096 1106 3164 uicelao
1124 3097 1171 3148 sed
1187 3113 1201 3149 e
1218 3095 1313 3147 ultima

275 3181 303 3232 in
321 3197 417 3232 rasura
434 3182 460 3231 A
478 3194 570 3230 uicear
587 3180 775 3242 Heinsianns,
791 3181 861 3234 ande
884 3180 978 3234 uideat
995 3182 1086 3252 effeci,
1112 3187 1141 3234 nt
1159 3197 1242 3234 cauea
1259 3198 1312 3233 non

275 3265 306 3317 de
325 3265 378 3316 loeo
396 3265 443 3316 sed
460 3265 492 3316 de
509 3263 696 3331 spectatoribus
713 3265 892 3334 intelli'patnr:
918 3273 984 3320 certe
1002 3267 1080 3319 nain
1096 3285 1149 3321 esse
1168 3266 1237 3338 qnod
1251 3267 1313 3319 nnl-

276 3355 356 3418 patnr
373 3365 440 3401 uoce
459 3366 497 3413 ac,
520 3350 625 3401 nidetnr
643 3349 701 3417 aissa
720 3350 761 3402 len
779 3351 815 3402 ad
831 3368 910 3420 qaam
927 3351 1143 3420 baec'pertinent
1161 3353 1310 3414 ostendere;

273 3441 298 3488 et
315 3435 424 3488 norbani
441 3433 545 3503 qnidam
564 3432 713 3486 desiderari
725 3437 823 3503 forma
842 3437 969 3490 orationis
982 3437 1141 3506 persuadet,
1167 3437 1192 3490 sa'
1208 3437 1313 3505 quidem

273 3521 416 3574 ablati’nnm
435 3520 588 3586 absolmnn,
608 3519 655 3589 qni
672 3521 759 3658 dempt
760 3539 777 3572 a
795 3539 849 3574 ntra
867 3523 1013 3576 bttera't
973 3541 1001 3576 tn
1002 3528 1074 3592 teger
1091 3523 1169 3587 ent'it,
1144 3522 1312 3575 tendinum

273 3625 343 3676 serap
344 3613 404 3660 nra
421 3606 562 3676 manifesto
580 3606 729 3674 prodite
716 3607 795 3659 etsie
818 3607 920 3661 danem
944 3613 970 3661 et
992 3614 1060 3661 rtece
1036 3607 1254 3661 tsubiin'nntnr
1277 3608 1314 3660 ad

272 3695 354 3746 solam
377 3692 502 3746 camisam
521 3691 685 3761 pentimnte'a
710 3691 775 3744 dum
799 3691 907 3745 modo
906 3711 938 3746 ea
961 3699 1007 3746 cet.
1035 3694 1171 3763 etleyem
1198 3692 1314 3762 rapiente

272 3759 482 3847 explanationem
505 3777 570 3831 satis
593 3776 664 3830 inter
685 3792 713 3830 te
737 3778 872 3832 concinere
895 3785 1007 3848 apparet
1104 3778 1234 3832 iidehbus
1252 3795 1313 3832 oon·

271 3879 374 3933 fidibus
394 3883 423 3934 B
491 3843 564 3950 tybi
580 3880 606 3944 (b
624 3859 684 3933 corn
708 3897 740 3932 ea
763 3883 789 3949 p)
815 3884 843 3934 A
932 3883 1026 3936 8ddm
1051 3881 1134 3934 inodo
1152 3885 1179 3934 A
1249 3897 1312 3933 mu·

273 3956 339 4035 dera
361 3985 415 4046 (mu
434 3999 494 4034 corr
511 3984 539 4036 in
557 3985 611 4046 mo)
633 3984 661 4035 A
730 3980 791 4052 lege
814 3983 880 4053 (gin
898 3987 1001 4050 rasura)
1022 3987 1051 4038 B
1127 3986 1142 4035 9
1160 3983 1232 4036 facili
1254 3985 1309 4050 (sic)

272 4066 478 4137 nperscriptnm
501 4071 529 4120 A
629 4066 805 4135 *reneslros
833 4073 856 4134 (e
883 4071 911 4122 i'n
930 4073 992 4140 fine
1017 4087 1107 4124 nersns
1134 4071 1201 4134 corr)
1230 4072 1258 4121 A
