3024 4710
653 301 693 344 111
716 291 741 356 8,
760 292 791 342 18
1176 283 1231 341 111

199 453 323 517 laude
350 453 572 530 redeunt03
607 453 692 515 nihil
721 452 809 516 enim
837 461 962 535 praeter
989 451 1121 514 laudem
1143 451 1239 514 bonis

201 568 298 640 atque
327 556 558 620 innocentibus
588 577 694 640 neque
724 577 765 618 ex
793 555 942 618 hostibus
972 575 1079 638 neque
1102 576 1121 616 a
1143 553 1238 616 sociis

200 660 442 744 reportandum.
474 658 540 722 iam
562 658 644 722 illud
667 669 815 741 apertum
837 669 885 720 est
906 656 1051 741 profecto
1075 657 1160 738 [esth
1185 655 1239 717 ni-

201 763 249 824 hil
278 784 348 825 esse
379 761 506 845 turpius
534 783 632 844 quam
661 773 710 826 est
742 782 939 844 quemquam
971 759 1073 842 legari
1105 758 1170 822 nisi
1192 758 1238 820 rei

200 865 351 949 publicae
374 887 481 928 causa.
517 865 631 939 omitto
652 886 750 948 quem
772 864 969 928 admodum
992 862 1047 926 isti
1069 884 1103 924 se
1125 872 1239 944 gerant
1265 880 1279 918 a

202 979 299 1051 atque
328 968 506 1051 gesserint,
537 967 594 1052 qui
621 967 785 1050 legatione
806 965 995 1030 hereditatis
1024 977 1081 1027 aut
1103 985 1238 1048 syngra-
1292 1014 1295 1021 .

201 1072 284 1155 phas
314 1093 388 1134 suas
418 1081 650 1155 persecuntur,
681 1070 718 1133 in
739 1069 927 1134 hominibus
951 1080 999 1132 est
1021 1067 1082 1130 hoc
1104 1067 1238 1129 fortasse

200 1291 274 1346 uitae
293 1291 476 1358 condiciones,
496 1309 552 1346 non
563 1292 708 1363 perferent.
744 1293 899 1354 Quintilian.
919 1292 1008 1346 Instit.
1022 1295 1087 1343 orat.
1102 1291 1156 1344 XI
1171 1291 1192 1354 1,
1206 1290 1238 1340 38

201 1385 278 1432 uerte
302 1387 334 1430 ut
351 1378 424 1432 idam
444 1377 543 1432 Caesar
561 1379 595 1432 dc
618 1378 666 1432 illo
691 1378 805 1443 dixerit,
830 1375 985 1446 arrogantia
1007 1384 1057 1428 est.
1092 1393 1172 1445 porro
1195 1373 1239 1427 lex

200 1460 230 1516 in
249 1464 339 1518 omnis
357 1465 453 1518 dieitur
469 1471 498 1518 ut
514 1466 590 1534 infra
610 1466 650 1528 19,
665 1467 698 1516 44
717 1464 814 1518 scitum
833 1474 861 1517 et
883 1462 987 1515 iussum
1010 1460 1039 1514 in
1062 1478 1166 1515 omnes.
1194 1461 1238 1513 de-

200 1551 278 1618 nique
291 1550 322 1602 de
334 1555 389 1602 tota
407 1551 535 1604 sententia
554 1552 673 1621 conferri
688 1551 802 1620 quodum
814 1551 890 1602 niodo
903 1553 991 1617 potest
1007 1549 1061 1600 IH
1071 1550 1109 1612 14,
1126 1548 1158 1598 32
1172 1546 1239 1599 haec
1295 1542 1298 1546 ’

199 1634 253 1698 lex,
273 1634 387 1689 dilatate
404 1635 433 1688 in
452 1635 575 1689 ordinem
593 1644 736 1703 cunctum,
761 1633 935 1704 coangustari
953 1633 1034 1686 etiam
1052 1639 1151 1702 potest.
1184 1633 1237 1685 ita·

201 1737 250 1790 que
269 1726 338 1786 ante,
362 1740 415 1774 non
432 1725 463 1774 ut
478 1723 556 1792 uulgo
568 1728 633 1792 post
650 1729 798 1776 conuerte.
815 1761 820 1774 .
839 1762 844 1774 .
861 1728 915 1784 est,
943 1737 1009 1788 meae
1032 1736 1089 1772 arm
1110 1719 1240 1786 prox-imis

200 1806 312 1860 domum
331 1813 379 1861 cet.
406 1809 605 1877 coniunpuntur,
631 1809 746 1877 defectus
762 1807 888 1861 inds'cr'sem
901 1806 976 1875 feci,
1002 1821 1060 1858 euna
1081 1803 1238 1873 praesertim

199 1910 265 1962 quae
287 1893 451 1962 praecedunt
477 1913 508 1946 ea
535 1895 639 1963 quidem
662 1911 713 1964 pua
736 1911 797 1947 usus
819 1910 876 1946 sum
904 1891 1108 1960 interpungendi
1135 1891 1238 1942 ratione

196 1979 292 2048 plenas
310 1981 416 2048 efficere
427 1981 569 2034 sententias
580 1981 728 2032 uideantur.
759 1979 838 2048 uulgo
850 1994 960 2030 necesse
972 1983 1039 2041 eret,
1060 1992 1114 2044 quo
1127 1983 1238 2045 postea-

200 2082 282 2135 quam
304 2104 332 2116 ..
352 2065 474 2131 accessit,
493 2073 652 2118 conuertem
670 2059 732 2118 eet(¹
749 2082 823 2134 quem
842 2064 946 2133 quictem
965 2063 1094 2131 desectum
1113 2079 1159 2130 eqo
1171 2062 1241 2114 inte·

199 2153 253 2205 ritu
270 2152 454 2204 nonnullorum
463 2151 596 2221 sotionem
614 2145 749 2220 archetypi
765 2149 859 2204 codicis
877 2153 962 2200 ortum
986 2165 1040 2200 esse
1063 2165 1120 2200 cum
1141 2147 1240 2216 pteris-

200 2254 248 2307 que
265 2242 351 2291 statum
368 2256 416 2291 nec
433 2237 548 2290 adducor
564 2243 593 2290 nt
617 2239 722 2290 credam
745 2236 871 2288 maiorem
889 2239 997 2303 purtem
1020 2233 1148 2288 suasionn
1175 2233 1239 2302 lepis

200 2324 232 2376 de
249 2321 450 2392 magistratibus
468 2340 545 2392 mmm
562 2322 719 2392 requirimus
736 2338 877 2390 numquam
900 2319 1026 2388 scriptam
1049 2337 1103 2372 esse
1126 2336 1142 2370 a
1164 2317 1239 2372 Oica-

199 2427 279 2462 rone:
305 2414 373 2462 certe
390 2409 478 2462 omniu
496 2414 653 2478 argumenta
671 2407 761 2476 quina
778 2407 852 2459 illam
869 2422 944 2458 neam
962 2405 1109 2474 opinionem
1119 2405 1239 2474 firmare

141 2541 144 2546 .
200 2495 299 2549 suaduit
322 2495 556 2567 Reifferscheiduss
584 2497 618 2558 (n.
643 2511 709 2546 mus.
737 2492 822 2545 Rhen.
843 2489 942 2546 XVII
967 2493 1026 2552 272)
1052 2489 1144 2560 refelli
1160 2505 1240 2558 posse

200 2581 265 2636 milu'
275 2580 408 2648 persuasi,
437 2597 511 2649 quem
529 2580 642 2632 manime
666 2580 697 2632 dc
720 2579 797 2631 totius
820 2577 894 2630 imnis
917 2595 970 2630 non
993 2577 1171 2630 enarrationis
1193 2577 1242 2628 sed

199 2668 328 2722 suasionis
347 2667 410 2735 lead
428 2663 535 2720 consitio
553 2671 578 2719 et
595 2666 704 2728 ratione,
725 2681 791 2733 quae
808 2669 833 2716 et
850 2681 970 2732 capresse
988 2663 1133 2716 (leciarauit
1148 2661 1240 2716 Cicero

199 2751 240 2804 II
257 2754 340 2817 10,21
359 2758 385 2806 et
401 2751 535 2821 exemplis,
556 2752 631 2820 quate
649 2755 687 2804 est
703 2750 767 2803 daec
785 2751 816 2803 de
834 2750 966 2802 tribunatu
983 2746 1124 2817 disputatio
1138 2745 1235 2812 (1118)

198 2841 242 2893 net
258 2840 305 2892 illa
323 2839 355 2892 de
372 2855 501 2907 capusum
518 2837 575 2890 aiere
596 2835 654 2900 (II
667 2837 716 2900 12),
730 2835 818 2904 facile
825 2833 981 2904 perspicias,
1002 2853 1018 2886 a
1030 2852 1091 2887 uero
1103 2833 1239 2886 aberrasse

194 2931 269 2994 puto.
299 2941 332 2976 ea·
354 2924 403 2978 hac
420 2929 506 2976 atatem
519 2928 608 2992 parte,
628 2940 694 2991 qsme
717 2922 791 2974 hodie
809 2921 988 2984 desideratur,
1015 2920 1116 2987 reliqum
1139 2924 1200 2972 sunt
1221 2937 1238 2970 a

198 3010 336 3064 Macrobio
355 3010 387 3062 de
405 3009 465 3079 diff.
486 3017 511 3061 et
533 3027 584 3061 soc.
603 3026 645 3077 pr.
667 3009 713 3060 lat,
727 3025 753 3077 q.
770 3007 845 3060 uerbi
858 3009 896 3067 17,
912 3009 966 3058 det
977 3011 1083 3058 auctore
1095 3005 1194 3056 incerto
1208 3005 1240 3057 de

197 3095 277 3149 sterio
295 3095 319 3158 5,
336 3096 351 3146 6
370 3115 383 3148 a
407 3095 510 3148 tertio
534 3095 571 3147 de
589 3094 721 3162 lepidus
739 3095 819 3146 citato
839 3093 934 3146 uerba:
960 3091 1007 3162 qui
1030 3089 1131 3161 poterit
1149 3089 1240 3143 socios

199 3179 280 3246 tueri,
300 3179 323 3232 si
341 3179 469 3234 dilectum
488 3196 578 3233 rerum
603 3177 712 3232 utilium
737 3185 765 3232 et
787 3177 925 3232 inutilium
943 3195 998 3231 non
1017 3175 1148 3230 habebit?
1173 3193 1239 3244 quoae

102 3325 105 3330 ,
199 3268 310 3336 simplex
323 3271 348 3319 et
356 3271 455 3319 rectum
464 3263 586 3328 iudicium
595 3265 632 3318 ad
640 3265 714 3318 iliam
724 3265 805 3333 iepem
815 3263 895 3318 sociis
905 3269 1037 3334 parcunto
1046 3264 1100 3316 ΙΙΙ
1104 3263 1129 3322 3,
1139 3263 1154 3312 9
1168 3263 1236 3326 (133,

200 3355 224 3418 6)
245 3355 360 3422 reseret:
379 3358 403 3404 et
422 3351 576 3420 ampliorem
588 3368 666 3420 quam
678 3369 744 3420 quaa
756 3351 830 3403 hodie
842 3355 971 3418 superest
984 3350 1014 3401 de
1022 3348 1169 3418 prouinciis
1183 3349 1240 3402 de's-

196 3427 359 3510 putationem
376 3437 438 3490 otini.
453 3437 626 3506 praemissam
636 3437 733 3504 suessa,
753 3437 796 3489 uei
813 3437 861 3490 ilia
880 3437 1016 3489 decurrant
1034 3435 1059 3499 8,
1077 3435 1107 3486 18
1127 3435 1194 3499 pta,
1211 3435 1235 3498 9)

200 3525 248 3579 sed
265 3524 320 3578 iarn
339 3523 362 3576 si
380 3522 468 3593 placet
485 3522 519 3576 de
537 3520 685 3592 prouinciis
704 3521 850 3576 decedatur
925 3537 986 3574 cum
1005 3520 1085 3573 leude
1103 3519 1238 3572 redeunte

205 3611 334 3666 Va'ctorius
353 3626 415 3662 cum
433 3607 541 3661 laudem
559 3607 629 3677 pede
649 3625 704 3661 uno
722 3609 783 3662 AB
863 3609 873 3658 l
895 3623 989 3677 preter
1005 3609 1032 3660 A
1103 3607 1117 3655 3
1138 3609 1204 3677 apris
1224 3611 1240 3658 e

198 3697 295 3768 piecro
315 3699 328 3747 ἓ
349 3694 419 3748 n1h11
438 3693 481 3748 eir
497 3692 610 3764 surprui
626 3699 680 3763 qua
696 3693 713 3745 ἒ
731 3697 839 3762 quiqui
851 3695 879 3748 B
897 3695 992 3762 apertis
1012 3692 1054 3746 eir
1072 3691 1238 3761 proiectos*

200 3783 269 3838 mhrl
287 3780 332 3834 eie*
354 3787 377 3844 te
396 3780 482 3844 altera
499 3779 528 3832 in
545 3786 649 3844 ramera)
670 3779 780 3848 surprui
796 3785 851 3848 qui
869 3777 910 3831 eis
928 3783 1063 3848 quiquam
1081 3783 1108 3831 A

201 3873 215 3921 5
233 3867 297 3923 riui
318 3884 436 3937 egerant
453 3867 482 3919 B
506 3864 710 3936 siniesgeranr
736 3868 759 3928 (e
779 3869 840 3934 post
859 3862 900 3917 ie
918 3882 991 3929 corr,
1008 3865 1070 3935 snit
1092 3862 1154 3916 riui
1174 3878 1239 3932 ege—

200 3975 272 4038 rant)
293 3975 321 4024 A
403 3940 572 4070 dadquehA
642 3965 784 4037 higanone
802 3969 830 4022 B
900 3966 1058 4037 singraphas
1074 3984 1133 4020 corr
1152 3964 1198 4036 syn
1211 3971 1238 4020 A

201 4073 348 4145 syngrapai
363 4076 392 4128 B
499 4045 684 4124 somffridus
699 4075 727 4124 A
815 4077 857 4124 est
874 4071 1014 4124 deteriores
1032 4069 1057 4122 a
1074 4071 1134 4124 AB
