3016 4714
569 344 594 388 11
619 335 713 402 12,s1
741 361 779 372 -
804 335 848 402 13,
867 335 900 387 32
1205 326 1244 391 89

207 494 324 572 dirimi,
343 495 370 557 si
385 517 471 558 unus
481 516 585 578 augur
595 495 667 558 ‘alio
677 495 881 560 die’dixeritl
893 496 972 578 quid
982 496 1245 578 magnificentius

208 619 304 682 quam
326 619 420 682 posse
443 599 626 675 decernere,
660 608 696 661 ut
717 598 909 681 magistratu
931 620 965 662 se
988 598 1140 662 abdicent
1162 621 1245 662 eon-

209 700 314 764 sulesl
343 701 422 784 quid
450 699 632 784 religiosius
660 723 758 784 quam
785 723 859 765 eum
880 701 1019 784 populo,
1052 723 1126 764 eum
1148 702 1243 784 plebe

208 802 326 886 agendi
348 802 400 866 ius
424 813 481 867 aut
503 804 578 866 dare
601 810 657 866 aut
678 806 856 882 nondare,
881 804 961 886 quid
980 804 1069 887 leges
1085 826 1153 867 non
1173 805 1243 867 iure

207 915 334 989 rogatas
365 906 495 984 tollere,
528 916 565 969 ut
591 907 709 970 Titiam
744 908 871 970 decreto
899 907 1043 990 conlegi,
1074 917 1111 969 ut
1132 907 1270 970 Liuiass

208 1007 343 1071 oonsilio
359 1009 516 1093 Philippi,
542 1010 685 1073 consulis
708 1021 740 1073 et
762 1009 906 1094 auguris,
930 1009 1014 1072 nihil
1037 1009 1136 1087 domi,
1161 1009 1245 1072 nihil

206 1111 344 1175 militiae
364 1133 422 1194 per
443 1111 649 1194 magistratus
679 1124 807 1197 gestum
829 1115 899 1177 sine
922 1135 1034 1177 eorum
1056 1113 1244 1176 auctoritate

208 1235 304 1298 posse
326 1214 478 1296 cuiquam
500 1215 646 1298 probari?

153 1275 200 1424 ἐξ
273 1319 428 1380 ΑΤΤΙονε.
468 1319 552 1400 Age,
577 1317 642 1381 iam
656 1318 719 1382 ista
734 1319 830 1382 uideo
845 1319 1011 1405 fateorque
1027 1340 1097 1386 esse
1113 1340 1243 1402 magna,

210 1429 259 1482 set
281 1419 387 1483 estin
410 1419 558 1502 conlegio
581 1431 689 1484 uestro
711 1422 797 1485 inter
817 1421 1009 1486 Marcellum
1032 1431 1065 1485 et
1085 1421 1243 1506 Appium,
1260 1442 1284 1482 ιι

210 1522 349 1606 optimos
374 1545 531 1606 augureS,
556 1545 676 1606 magna
698 1525 875 1602 dissensio,
900 1547 976 1588 nam
994 1546 1105 1588 eorum
1128 1546 1188 1606 ego
1210 1525 1246 1586 in

208 1624 309 1688 libros
331 1625 450 1702 incidi,
484 1648 558 1689 cum
587 1626 679 1690 alteri
700 1627 827 1709 placeat
849 1628 993 1712 auspicia
1021 1627 1083 1690 ista
1112 1628 1153 1691 ad
1175 1627 1245 1689 uti-

208 1727 334 1790 litatem
362 1749 432 1791 esse
467 1729 514 1791 rei
547 1729 697 1813 publicae
724 1730 918 1814 composita,
955 1730 1046 1793 alteri
1074 1729 1246 1812 disciplina

208 1842 318 1894 uestra
348 1831 440 1913 quasi
470 1831 617 1894 diuinaie
646 1831 820 1896 uideantur
848 1853 960 1918 posse:
998 1833 1058 1896 hac
1084 1843 1122 1895 tu
1149 1831 1188 1894 de
1211 1853 1244 1894 re

208 1955 337 2017 quaero·
350 1934 429 2017 quid
457 1933 587 1997 sentias,
1259 1956 1284 1996 ιι

273 2033 424 2100 Μιιιονε.
463 2035 599 2119 Egone?
616 2037 864 2116 diuinationem,
882 2061 980 2123 quam
996 2037 1114 2102 Graeci
1129 2059 1246 2119 μαντι-

207 2137 267 2225 κήν
290 2139 467 2223 appellant,
492 2160 562 2202 esse
585 2141 690 2204 sentio
714 2153 747 2205 et
767 2141 866 2204 huius
882 2142 967 2206 hanc
988 2141 1093 2224 ipsam
1107 2150 1243 2223 partem,
1265 2138 1269 2146 '

208 2264 292 2326 quae
329 2252 378 2304 est
408 2241 443 2304 in
474 2242 590 2306 auibus
621 2243 798 2328 ceterisque
829 2244 1020 2328 signislque]
1055 2243 1245 2329 disciplinae

264 2485 274 2534 l
296 2481 427 2536 d1r1m1sl1
447 2483 514 2551 (fuit
532 2481 663 2548 dmmusi)
676 2484 704 2536 Β
762 2482 805 2537 die
823 2485 928 2538 addidit
948 2486 1082 2540 Turnebus
1100 2483 1157 2539 coll.
1179 2482 1246 2538 Plu'-

208 2587 273 2656 lt‘pp.
294 2585 332 2639 Il
341 2585 435 2649 33,83.
448 2585 480 2636 84
550 2558 754 2638 maiulmenuul
768 2590 794 2639 A
858 2589 873 2640 2
892 2587 1051 2657 magistratu
1070 2605 1099 2642 se
1118 2586 1246 2640 abdicent

209 2671 350 2725 deteriores
368 2667 689 2741 magistratulleedicent
706 2673 766 2726 AB
900 2675 914 2724 3
934 2673 991 2726 clm
1011 2673 1113 2744 populo
1131 2676 1159 2726 A

208 2777 225 2825 4
245 2747 345 2828 audere
364 2776 391 2828 A
461 2773 536 2840 leges
554 2790 610 2826 non
628 2773 686 2827 iure
704 2782 813 2844 rogatas
831 2776 928 2830 tollere
945 2775 982 2828 R.
1003 2777 1150 2846 Stephanus
1172 2777 1249 2846 (quod

208 2866 300 2913 extare
323 2860 351 2912 in
375 2859 455 2928 copiis
482 2857 641 2914 Victoriana
664 2863 784 2916 secundis
807 2863 930 2917 Moserus
953 2866 1069 2928 testatur)
1097 2862 1172 2930 leges
1178 2863 1245 2931 luon

208 2963 267 2999 mre
285 2961 384 3014 rogata
402 2945 445 2998 est
460 2943 558 2998 tollere
576 2949 602 2998 A
621 2945 696 3016 leges
715 2949 766 3013 (sie)
788 2963 843 3002 non
862 2966 921 3002 mre
944 2965 1040 3018 rogata
1065 2950 1079 2998 ὃ
1102 2947 1201 3000 tollere
1219 2947 1247 3002 B

208 3031 298 3102 legem
317 3031 340 3085 si
356 3048 414 3084 non
431 3030 490 3084 iure
508 3040 604 3098 rogata
621 3038 663 3085 est
679 3032 776 3086 tollere
796 3035 936 3089 deteriores
1024 3035 1038 3084 5
1058 3033 1156 3088 Titiam
1178 3035 1247 3086 Tur-

209 3119 288 3171 nebus
306 3122 365 3169 ena
383 3118 442 3172 AB
517 3116 610 3170 Liuias
635 3117 765 3173 Victorius
783 3119 871 3174 leuml
885 3122 913 3174 Β
930 3118 1017 3172 lenies
1031 3123 1059 3173 A
1147 3121 1246 3173 deon-

210 3203 278 3256 sulis
296 3210 325 3256 et
342 3201 452 3272 auguris
471 3204 507 3256 Β.
523 3202 670 3273 Stephanus
688 3204 813 3259 consules
828 3223 858 3260 et
875 3203 992 3275 augures
1000 3207 1061 3259 AB
1114 3206 1208 3261 domm
1221 3208 1248 3259 Β

263 3290 277 3338 7
299 3286 413 3341 militiae
432 3289 469 3341 R.
492 3289 646 3359 Stephanus,
672 3291 805 3345 turnebus
822 3289 940 3345 lamhee
957 3292 1019 3347 AB
1100 3291 1250 3362 gestussmr

210 3387 260 3439 eoa
283 3374 453 3428 auctoritati,
469 3374 531 3426 AB
551 3375 616 3442 (sie),
643 3394 703 3430 corr
720 3378 748 3430 in
766 3378 936 3432 deterioribus
953 3385 981 3432 ut
999 3377 1101 3433 uidetur
1170 3381 1184 3430 8
1204 3395 1248 3430 cu1

209 3465 307 3529 <nuqua
324 3461 352 3514 Β
462 3461 478 3511 9
496 3477 595 3530 magna
614 3459 655 3516 let
673 3461 715 3514 est
731 3464 896 3517 Heinaiaaus
914 3464 1028 3542 magnas
1043 3465 1068 3517 dc
1086 3470 1100 3517 e
1118 3465 1179 3518 AB

212 3563 244 3614 10
262 3577 355 3646 apium
373 3564 401 3613 A
490 3566 517 3615 11
541 3563 664 3617 obumul
679 3583 739 3618 corr
757 3566 816 3617 mol
831 3567 859 3617 A
878 3535 968 3636 optmi¹
983 3569 1011 3622 Β
1092 3541 1208 3620 d1lsens1⁰
1219 3567 1247 3616 A

264 3649 296 3699 12
314 3649 344 3701 cd
362 3649 390 3700 A
456 3649 561 3703 alten*
584 3650 604 3712 (1
620 3653 733 3716 erasum)
754 3653 816 3706 AB
885 3651 1016 3721 placeat*
1035 3652 1152 3722 anlpiua
1169 3656 1196 3706 A

212 3734 244 3784 14
262 3733 386 3788 <humare
409 3734 557 3788 uideantur
581 3735 746 3790 Heinstuaue
770 3736 890 3790 diuinam
914 3735 1062 3790 uideamur
1079 3737 1107 3794 B
1131 3736 1248 3790 dluluarl

216 3839 247 3900 (n
264 3837 293 3889 in
310 3839 415 3901 rantra)
436 3811 565 3892 mdea'iur
586 3843 613 3903 (n
626 3857 664 3908 pr
681 3841 809 3909 emeretr}
830 3841 858 3894 A
920 3804 958 3892 hac
975 3855 1009 3891 tu
1027 3841 1054 3892 Β
1071 3857 1102 3894 ec
1118 3857 1153 3892 tu
1170 3842 1195 3892 A

215 3925 245 3974 15
264 3922 332 3992 qmd
350 3941 409 3976 corr
426 3928 455 3976 ut
471 3923 575 3976 sadatur
592 3941 625 3977 ex
642 3940 708 3995 qum
726 3927 753 3977 A
821 3926 851 3976 16
870 3941 944 3994 grem
961 3927 990 3979 B
1042 3941 1182 3978 mammen
1194 3927 1249 3979 AB

210 4006 361 4074 manticen]
372 4025 422 4059 *s*
441 4008 581 4078 appellent
603 4010 658 4068 (ceu
677 4028 693 4062 a
711 4027 771 4062 corr
788 4009 816 4062 in
829 4011 958 4080 naarqine,
977 4011 1082 4065 uidetur
1099 4018 1248 4084 manulcen

205 4109 352 4180 ,appellant
361 4112 457 4180 fuisse)
472 4115 499 4165 A
553 4114 584 4164 18
603 4129 630 4166 m
650 4102 735 4184 dau1b;
754 4113 782 4166 Β
833 4105 1000 4183 οετειιίᾳιιξιε
1019 4112 1103 4184 ligml
1118 4111 1246 4184 quoldile.
