3016 4714
303 313 363 373 110
423 323 426 328 '
742 327 768 370 11
791 317 833 382 21,
852 319 883 368 os
944 376 947 384 ¹

295 482 426 544 doctum
448 479 615 542 hominem
638 499 726 554 sane,
752 478 845 542 euius
868 476 933 540 fuit
949 477 1070 548 Accius
1092 474 1331 559 perfamiliaris,
1346 489 1385 544 54

295 585 352 646 sed
374 603 531 658 mensem,
557 582 663 657 creda,
689 593 869 644 extremum
891 579 982 656 anni,
1008 588 1046 640 ut
1067 588 1193 641 ueteres
1209 577 1334 640 Febru-

296 768 365 821 quae
383 750 500 804 maiores
518 749 606 803 nostri
625 757 653 802 et
671 748 870 819 sapientissime
889 738 1071 802 instituerunt
1087 757 1115 802 et
1131 747 1336 818 religiosissime

295 837 447 891 coluerunt.
479 833 630 888 Februario
648 844 738 888 autem
757 853 860 898 mense,
881 833 1004 904 quitum
1024 841 1160 887 extremus
1177 833 1242 888 anni
1253 851 1334 887 men-

290 921 333 988 sis
345 928 412 984 erat,
432 919 547 973 mortuis
559 918 697 989 parentari
709 920 873 973 uoluerunt:
894 919 968 989 quod
985 927 1078 972 tamen
1090 917 1221 973 Decimus
1235 919 1338 996 Brutus

296 1005 443 1066 Deoembri
460 1005 549 1060 lacere
567 1005 683 1058 solebat.
703 1004 779 1058 ouius
798 1021 848 1076 ego
867 1004 907 1059 rei
925 1021 1034 1058 oausam
1052 993 1113 1058 oum
1131 1022 1238 1058 meeum
1251 1022 1337 1074 quee-

297 1109 394 1156 rerem,
438 1090 555 1144 Brutum
575 1089 749 1160 reperiebam
774 1091 803 1144 in
827 1090 878 1144 hae
901 1107 930 1143 re
949 1089 1047 1144 ieoiroo
1066 1108 1082 1144 a
1104 1108 1180 1144 more
1204 1091 1337 1144 maiorum

298 1177 469 1238 discessisse„
479 1181 549 1240 (nam
569 1174 712 1229 Sisennam
725 1175 811 1238 ‘uideo
830 1191 948 1241 oausam,
969 1193 1016 1230 cur
1029 1175 1075 1229 ille
1089 1183 1168 1229 uetus
1180 1175 1338 1229 institutum

298 1279 354 1315 non
373 1269 502 1326 seruaret,
528 1261 663 1331 ignorare,
690 1261 800 1314 doctum
812 1261 958 1316 'hominem
977 1279 1058 1327 sane,
1079 1261 1155 1314 ouius
1173 1261 1227 1314 fuit
1244 1261 1340 1315 Attius

297 1347 496 1418 perfamiliaris)
511 1347 560 1400 sed
577 1353 624 1400 eet.
658 1347 737 1421 Haeo
754 1346 799 1400 ilie
817 1345 845 1400 in
863 1347 976 1400 editione
988 1365 1014 1399 u.
1032 1349 1105 1407 1565,
1120 1346 1168 1399 ubi
1179 1347 1242 1401 isaeo
1253 1346 1337 1400 adno-

299 1438 353 1488 tat.-
374 1432 457 1502 ‘quod
468 1440 559 1486 tamen
572 1432 608 1486 D.
624 1432 682 1498 Br.]
702 1432 745 1486 bio
757 1433 828 1488 loeus
840 1451 871 1486 es·
883 1452 936 1487 nno
949 1431 1039 1486 codice
1051 1430 1215 1502 perantiquo
1233 1439 1258 1486 et
1270 1431 1338 1485 Piu-

299 1519 392 1574 tarobo
400 1516 537 1572 restitutus
547 1518 601 1570 est'
629 1518 663 1570 in·
666 1518 859 1586 posterioribus
870 1517 1025 1572 editionibus
1037 1518 1104 1570 baec
1115 1518 1244 1572 Lambini
1254 1519 1337 1571 adno-

298 1604 480 1675 tatiosertur:
502 1604 578 1668 ‘dirae
595 1621 670 1658 uoces
688 1603 799 1673 alligate
817 1604 899 1658 sacris
917 1622 984 1673 quae
1002 1603 1220 1658 desiderabantur
1232 1623 1249 1657 a
1262 1603 1339 1656 nobis

298 1689 405 1744 additae
416 1696 480 1742 sant
493 1691 530 1742 od
540 1688 697 1744 sententiam
709 1689 788 1743 birine
807 1690 858 1744 loci
874 1692 1044 1760 expiandam:
1071 1707 1137 1758 piros
1154 1695 1242 1742 tamen
1260 1691 1339 1742 notu·

298 1793 357 1830 inus
378 1774 472 1828 baberi
493 1774 628 1830 Ciceronis
643 1814 672 1830 ..
689 1812 696 1826 .
713 1814 719 1828 .
734 1793 801 1844 quae
824 1783 972 1844 sequantur
994 1775 1025 1828 de
1048 1775 1169 1827 manium
1190 1775 1293 1828 iuribus
1315 1781 1341 1829 et

299 1863 330 1916 de
353 1859 463 1914 Decimo
486 1863 589 1928 Bruto,
614 1860 663 1930 qui
678 1877 765 1912 mense
783 1861 927 1914 Decembri
949 1878 1002 1914 non
1019 1865 1048 1912 ut
1071 1865 1171 1913 ueteres
1188 1859 1339 1914 Februario

298 1947 350 2000 diis
372 1947 494 1999 manibus
506 1947 682 2016 parentabat,
702 1947 892 2015 partim-ea
916 1946 1029 1999 codiee
1046 1945 1341 2020 perantiquo‚ad

298 2032 395 2086 euius
419 2049 508 2086 oram
525 2031 746 2102 sere-iisdem
763 2031 875 2084 uerbis
899 2027 1211 2100 adscripto'erunt‚
1234 2029 1339 2100 partim

297 2136 332 2173 eu
350 2117 490 2172 Plutarebo
513 2116 738 2192 restituissent,
765 2115 833 2187 quiae
851 2117 936 2171 nibilo
953 2115 1039 2187 mapis
1058 2115 1191 2170 Cs'eeronis
1214 2133 1268 2175 esre
1288 2117 1337 2186 af-

273 2200 276 2206 ’
288 2201 398 2274 firmo!
435 2205 463 2258 in
486 2203 581 2257 eisdem
603 2208 710 2271 praeter
734 2202 845 2256 leuiores
872 2203 901 2254 in
927 2201 981 2257 iltis
1006 2203 1191 2272 supplementis
1210 2201 1341 2256 mutatio-

298 2306 345 2342 nes
374 2294 436 2358 post
458 2289 558 2342 Brutus
585 2293 623 2354 (u.
651 2291 681 2354 3)
707 2289 824 2342 udditum
848 2289 945 2358 iepitur
967 2297 999 2342 ut
1027 2287 1157 2358 seriptum
1182 2305 1198 2340 a
1222 2286 1342 2341 Sisenna

300 2383 342 2428 est
359 2379 457 2443 etpost
474 2374 600 2442 ignorare
628 2378 663 2439 (m
685 2375 709 2438 7)
729 2375 793 2428 baec
811 2375 912 2428 inserta
928 2380 992 2426 sunt
1008 2373 1124 2426 Brutum
1143 2381 1233 2426 eutem
1251 2373 1341 2427 maio·

299 2476 360 2513 rum
385 2469 540 2514 nostrorum
566 2459 721 2524 institutum
745 2467 846 2514 temere
874 2459 1027 2529 neglexisse
1052 2475 1108 2513 non
1134 2458 1165 2511 fit
1187 2457 1255 2512 mihi
1279 2451 1340 2512 ueri

300 2545 397 2609 simile,
424 2544 534 2598 doctum
553 2545 706 2599 bominem.
739 2543 818 2599 Haeo
835 2543 964 2602 Lambini
980 2545 1160 2614 supplementa
1186 2543 1289 2614 (quibas
1308 2561 1343 2596 ne

299 2629 459 2684 nouissimus
477 2629 583 2698 quidem
601 2629 687 2684 editor
705 2647 782 2690 suum
801 2629 899 2684 tibrum
916 2647 1005 2699 aurare
1016 2629 1108 2694 uoluit)
1130 2629 1271 2698 etquidem
1284 2636 1341 2683 tam

260 2728 263 2732 ’
293 2705 439 2788 primitiae
459 2707 539 2785 quam
557 2721 673 2770 correcta
691 2722 716 2768 et
733 2721 812 2769 auda
832 2716 901 2768 unde
915 2714 1065 2784 flammini,
1092 2715 1239 2784 adscriptae
1261 2732 1279 2766 a
1297 2733 1342 2770 me

303 2802 420 2857 Turnebi
442 2801 624 2856 adnotationes
643 2801 827 2869 patefacient:
855 2800 983 2866 nimirum
1013 2799 1074 2854 inde
1099 2799 1228 2854 Sisennae
1249 2799 1341 2854 eitatio

300 2895 425 2958 sumpta,
460 2905 542 2956 eaque
569 2903 602 2938 ne
629 2891 723 2955 postea
755 2885 859 2956 animem
886 2886 986 2940 obieeta
1018 2904 1076 2940 aum
1104 2885 1183 2940 Aonii
1206 2885 1340 2954 familia-

299 2993 355 3028 rem
378 2993 431 3028 non
455 2973 598 3027 Sisennam
622 2972 669 3024 sed
688 2960 807 3026 Brutum
832 2972 925 3024 uocari
947 2970 1015 3024 idem
1037 2972 1174 3025 Turnebus
1200 2971 1338 3026 docuisset.

300 3063 395 3128 Itaque
412 3077 444 3112 ea
461 3058 517 3111 iltis
530 3056 718 3111 Lambiuionis
730 3056 800 3110 nibil
807 3074 919 3127 prorsus
930 3057 984 3111 nisi
995 3057 1139 3111 Plutarchi
1149 3054 1337 3119 testimonium,

301 3147 372 3215 quod
392 3143 514 3197 Turnebo
532 3145 650 3209 debetur,
677 3143 842 3196 retinendum
866 3148 889 3194 et
906 3141 943 3195 ad
955 3143 1029 3195 bano
1046 3141 1202 3196 sententium
1219 3145 1340 3213 referen-

302 3233 364 3284 dum
382 3235 428 3282 est.
463 3228 584 3282 Ceterum
602 3227 669 3280 mibi
684 3228 724 3280 bio
737 3227 821 3297 paulo
835 3226 934 3296 ptura,
960 3245 1038 3297 qnam
1061 3243 1129 3298 quae
1152 3227 1188 3280 ad
1205 3226 1337 3298 parento-

302 3315 367 3368 iium
386 3307 508 3367 mensem*
512 3313 688 3383 pertinerent,
709 3311 874 3368 intercidisse
891 3303 1033 3376 uidenturi
1053 3313 1226 3384 inprimisque
1243 3314 1341 3384 opinor

286 3403 330 3455 in
348 3401 397 3452 bae
414 3401 444 3454 de
462 3399 502 3454 dis
520 3398 642 3452 manibus
659 3398 836 3468 disputatione
854 3400 940 3453 laeum
958 3399 1079 3452 natasse
1094 3416 1135 3461 ea,
1156 3417 1225 3468 quae
1244 3399 1275 3451 de
1288 3400 1339 3452 irn-

301 3483 462 3551 mortatitate
480 3486 629 3539 animorum
648 3483 676 3536 in
694 3484 737 3538 bis
755 3483 832 3536 libris
849 3484 967 3554 eaposita
978 3483 1069 3552 fuisse
1081 3483 1240 3539 Lactantius
1258 3491 1340 3539 testu-

301 3580 346 3628 tur
363 3576 430 3628 Inst.
451 3569 503 3624 diu.
523 3570 582 3622 ΙΙΙ
600 3573 640 3636 19,
661 3571 692 3621 2.-
724 3587 804 3640 quam
824 3571 986 3624 sententiam
1005 3569 1100 3623 Cicero
1119 3569 1153 3622 de
1172 3569 1279 3638 legibus
1298 3571 1339 3624 sio

302 3658 462 3730 explieauitz
490 3656 722 3727 ‘gratulemurque
747 3655 840 3720 nobis,
874 3656 1003 3725 quoniam
1029 3673 1101 3708 mors
1125 3663 1173 3709 aut
1196 3654 1339 3710 meliorem

302 3763 383 3816 quam
396 3745 442 3813 qui
456 3742 538 3796 estin
556 3741 616 3795 uite
632 3752 679 3796 aut
697 3749 770 3795 certe
788 3759 844 3794 non
857 3741 1020 3795 deteriorem
1033 3740 1156 3795 adlatura
1169 3749 1211 3794 est
1223 3748 1339 3794 staturus

302 3849 365 3884 nam
378 3829 437 3883 sine
450 3845 562 3898 corpore
575 3826 665 3881 animo
679 3827 789 3897 uigente
803 3826 896 3880 diuina
908 3826 967 3880 uita
979 3834 1028 3888 est,
1050 3843 1131 3880 sensu
1149 3835 1259 3880 carente
1271 3825 1340 3879 nihil

302 3915 424 3987 prolecto
432 3913 562 3968 estmali.'
577 3930 655 3982 quam
666 3913 702 3964 ad
708 3912 911 3980 disputationem
919 3916 985 3982 pato
995 3911 1095 3980 repierri
1103 3929 1170 3980 quae
1179 3910 1284 3980 infrao.
1295 3913 1337 3977 27,

303 4004 335 4054 68
349 4003 475 4070 iepuntur
487 3999 614 4070 deinoeps
627 3997 693 4053 dioit
709 3997 838 4062 (uidelicet
848 3997 933 4064 Plato)
950 3997 1045 4052 eadem
1058 3995 1105 4050 illa
1126 3995 1261 4062 <nimirum
1273 4013 1340 4068 quae

302 4091 357 4153 nos)
378 4086 411 4138 de
429 4084 631 4138 immortalitate
648 4083 817 4148 animorum3
832 4083 879 4137 ubi
894 4083 954 4136 uide
973 4083 1100 4136 adnotata
1219 4084 1230 4132 1
1252 4081 1341 4136 aeorul
