2990 4720
597 323 710 386 isra
736 322 875 387 -an
1210 313 1250 374 23

210 483 272 546 sed
288 484 385 546 etiam
399 483 554 565 pecudes,
580 484 668 565 quod
682 483 891 566 perspicuum
907 484 960 559 sit,
985 483 1104 567 partim
1125 505 1195 546 esse
1211 484 1251 546 ad
1268 498 1270 502 ·

211 607 311 648 usum
333 585 517 662 hominum,
542 586 661 668 partim
683 586 724 648 ad
739 585 892 664 fructum,
917 587 1035 670 partim
1052 587 1092 649 ad
1107 608 1250 650 uescen-

151 693 197 748 26
211 689 293 751 dum
325 698 517 772 procreatas.
573 699 655 751 artes
695 710 772 751 uero
813 689 1069 753 innumerabiles
1105 699 1249 773 repertae

213 803 293 854 sunt
314 793 451 855 docente
473 803 607 868 natura,
641 813 739 874 quam
761 793 887 856 imitata
909 793 989 855 ratio
1012 814 1062 855 res
1086 793 1126 855 ad
1148 793 1251 856 uitam

167 891 413 958 9neeessarias
444 894 588 958 sollerter
617 906 789 959 consecuta
818 906 876 958 est.
924 895 1032 978 ipsum
1056 906 1164 958 autem
1186 896 1279 958 ho-t

215 998 338 1062 minem
369 999 482 1061 eadem
504 1008 621 1060 natura
643 1019 710 1060 non
740 997 845 1061 solum
868 999 1031 1062 eeleritate
1053 999 1172 1062 mentis
1196 1021 1253 1062 or-

215 1102 320 1177 nauit,
345 1102 402 1164 sed
436 1114 467 1164 et
501 1122 615 1164 sensus
650 1111 815 1186 tamquam
849 1102 1002 1166 satellites
1031 1103 1187 1166 adtribuit
1216 1124 1253 1166 ae

215 1205 368 1280 nuntios,
399 1215 431 1268 et
459 1226 567 1268 rerum
596 1203 810 1287 plurimarum
840 1206 992 1268 obscuras
1020 1227 1081 1269 nec
1104 1206 1181 1268 satis
1206 1230 1252 1264 *s

216 1307 458 1390 intellegentias
489 1319 521 1370 et
551 1308 686 1370 donauit
719 1307 813 1390 quasi
848 1307 1061 1372 fundamenta
1095 1310 1253 1391 quaedam

218 1410 383 1487 scientiae,
408 1411 611 1494 figuramque
627 1412 767 1494 eorporis
790 1411 933 1474 habilem
949 1423 981 1476 et
996 1422 1104 1495 aptam
1119 1411 1252 1494 iugenio
1267 1425 1293 1468 1⁰

219 1513 363 1577 humano
387 1513 491 1578 dedit:
525 1536 601 1578 narn
632 1535 706 1576 cum
736 1524 856 1579 ceteras
879 1514 1062 1578 animantes
1085 1515 1255 1578 abiecisset

218 1617 259 1678 ad
281 1627 429 1700 pastum,
460 1618 565 1680 solum
586 1601 760 1680 'hominem
790 1617 891 1681 erexit
914 1619 955 1694 ad
988 1617 1127 1702 caelique
1161 1617 1255 1699 quasi

218 1720 420 1802 cognationis
450 1720 671 1802 domiciliique
693 1720 823 1804 pristini
846 1732 1054 1803 conspectum
1078 1720 1252 1796 excitauit3

218 1833 288 1885 tum
311 1823 452 1906 speeiem
474 1823 519 1886 ita
534 1822 689 1886 formauit
711 1823 787 1900 oris,
812 1836 849 1886 ut
871 1824 906 1885 in
930 1845 967 1886 ea
981 1824 1113 1906 penitus
1135 1844 1254 1886 recon-

161 1913 204 1969 27
217 1925 300 1988 ditos
332 1948 437 1988 mores
472 1926 657 2009 effingeret:
705 1948 782 1989 nam
817 1937 848 1990 et
882 1927 967 1990 oculi
1000 1927 1098 1990 nimis
1132 1926 1251 2011 arguti,
1268 1943 1293 1984 15

272 2151 281 2198 l
302 2149 378 2219 quod
400 2149 445 2212 (eie
462 2153 490 2203 A
508 2153 618 2220 quoque)
647 2143 819 2220 perspicuum
838 2149 881 2214 sit,
902 2167 969 2218 quae
986 2150 1105 2204 certatim
1124 2150 1255 2221 eorriqere

218 2237 386 2297 studuerunt,
402 2233 845 2304 555155551ιὶ5ΜαάιιίρίαεΕηιεηά,
861 2235 890 2286 iu
905 2235 960 2288 Cic.
976 2235 1020 2287 a'h.
1032 2234 1127 2304 philos.
1139 2253 1170 2304 p.
1187 2237 1251 2305 Ssq.

269 2337 379 2390 partum
406 2339 466 2374 corr
491 2337 611 2391 parrum
638 2320 665 2371 Β
805 2320 946 2374 adsusum
980 2322 1092 2383 (uidetur
1122 2321 1255 2375 adhusum

209 2405 307 2473 sature)
322 2407 351 2461 Β
422 2407 595 2460 21τυοτυιιω
614 2412 641 2461 Α
661 2405 773 2460 fructuri
792 2425 852 2460 corr
869 2405 978 2460 srucui*
997 2410 1024 2462 Β
1095 2409 1253 2462 urscendum

218 2508 278 2544 corr
295 2492 346 2547 ues
362 2495 422 2548 AB
509 2495 611 2546 3arns
626 2511 686 2548 corr
704 2495 733 2546 es
749 2495 810 2548 AB
897 2498 956 2547 urrc
979 2509 1039 2546 corr
1056 2511 1122 2547 uero
1141 2497 1168 2546 A

270 2578 478 2633 rnnumerabrlrs
493 2596 552 2632 corr
570 2580 600 2633 es
614 2581 677 2635 AB
763 2597 843 2651 repre
863 2596 924 2632 corr
946 2595 976 2658 te
995 2579 1022 2631 B
1110 2582 1124 2630 5
1144 2579 1258 2634 solertes

218 2683 277 2718 corr
295 2664 409 2720 solerter
427 2667 487 2720 AB
551 2660 785 2721 ,toseleruste
804 2667 832 2720 Β
938 2665 1019 2719 lsed
1038 2666 1063 2719 ei
1080 2665 1186 2720 Bastiae

269 2743 405 2838 adtribuit
422 2771 483 2824 AB
565 2773 579 2820 8
599 2771 714 2823 nuncios
733 2775 755 2832 (c
773 2774 905 2836 mattarum
923 2767 951 2820 ia
968 2775 991 2832 τ)
1010 2772 1038 2823 A
1118 2786 1169 2822 nec
1192 2769 1258 2822 sens

219 2855 425 2924 rnrellegenuas
446 2861 574 2909 mutatum
595 2855 622 2908 ia
645 2855 749 2926 gendes
765 2857 826 2909 AB
849 2871 899 2908 nec
924 2854 989 2907 satis
1013 2863 1120 2925 apertas
1145 2853 1256 2908 intelle-

218 2941 322 3009 gentias
340 2940 503 3005 Lambinus,
519 2947 586 3010 puto
604 2959 654 2994 nec
673 2941 737 2995 setis
761 2940 920 3008 <illustratas
937 2940 1073 3010 ingenuit>
1092 2941 1256 3009 intellegen-

218 3027 270 3080 tias
290 3031 325 3090 (et
341 3027 490 3082 illustratas
509 3027 573 3079 addi
594 3027 707 3081 Beierua
732 3026 816 3080 uoluit
839 3027 869 3078 de
887 3028 931 3098 off
952 3028 1002 3080 ΙΙΙ
1027 3027 1067 3090 19,
1090 3028 1129 3090 76)
1160 3025 1219 3078 coll.
1239 3027 1262 3079 I

219 3114 260 3175 22,
282 3115 313 3163 59
332 3113 410 3182 quasi
429 3113 601 3168 adumbratas
619 3112 820 3184 intellegentias
841 3153 869 3164 ..
891 3112 990 3182 quibus
1008 3110 1159 3164 inlustratis
1184 3110 1256 3164 etde

209 3201 266 3268 fin.
290 3199 318 3252 V
332 3200 375 3260 21,
404 3202 436 3251 59
459 3199 639 3270 ingenuitque
665 3199 722 3252 sine
749 3199 874 3254 doctrina
900 3196 1013 3251 notitias
1039 3213 1137 3267 paruas
1163 3213 1255 3250 rerum

219 3284 398 3338 maximarum
468 3288 483 3338 9
502 3283 617 3339 donauit
634 3284 770 3340 Kraneia
788 3293 816 3339 et
833 3285 947 3339 donauit
964 3281 1058 3352 ammei
1076 3283 1209 3336 enudauit
1228 3285 1252 3334 A

220 3359 402 3457 enudau1dB
471 3391 508 3458 ef.
528 3387 559 3440 de
577 3393 644 3458 orat.
665 3387 687 3456 I
704 3390 810 3455 25,114
829 3389 911 3442 inseri
931 3387 1041 3457 quidem
1060 3396 1088 3440 et
1106 3386 1202 3440 donari
1221 3386 1255 3440 ab

220 3481 274 3528 arte
294 3490 350 3526 non
368 3483 494 3544 possunt,
515 3475 607 3528 omnia
625 3482 689 3527 sunt
707 3473 780 3526 enim
798 3473 845 3528 illa
862 3474 935 3527 dona
952 3483 1065 3526 naturae
1084 3479 1109 3528 et
1127 3475 1157 3526 de
1171 3473 1252 3526 divin.

220 3561 256 3613 Π
267 3563 310 3622 46,
331 3561 364 3611 96
383 3561 450 3614 haec
468 3568 541 3614 astro
559 3560 717 3630 ingenerata
735 3568 763 3614 et
780 3559 879 3614 tradita
951 3561 981 3610 lo
1000 3558 1091 3629 siguri
1108 3576 1175 3630 quae
1194 3559 1221 3610 B

272 3665 299 3714 11
327 3628 447 3718 anmalii
476 3661 513 3732 (m
540 3637 657 3717 extremo
681 3663 708 3714 in
733 3681 751 3715 n
775 3666 884 3726 tutotuto)
914 3663 939 3713 B
960 3663 1116 3716 animantes
1139 3679 1198 3715 corr
1224 3679 1255 3714 er

219 3765 336 3804 ammam
354 3753 381 3800 A
471 3751 502 3801 12
521 3749 556 3803 ad
580 3749 702 3819 caelique
724 3748 1018 3813 deterioratamque,
1048 3748 1079 3802 0.
1107 3747 1256 3817 Stephanae

220 3834 253 3888 ad
269 3835 337 3888 caeli
354 3837 416 3889 AB
434 3852 465 3888 er
483 3835 517 3889 ad
535 3835 603 3890 caeli
621 3834 788 3888 Heineianaa
861 3837 892 3886 14
910 3834 1042 3888 formauit
1060 3831 1254 3887 051115555εέ5-

220 3956 267 3992 nue
278 3904 457 4007 sormdlnon*
476 3943 503 3992 A
528 3938 623 4002 sorlma
647 3939 757 3992 ulnons
779 3956 838 3990 corr
861 3937 954 3991 alnon
972 3940 1000 3991 B
1124 3939 1155 3989 15
1174 3937 1255 3990 nimis

219 4041 265 4076 eur
282 4023 420 4094 displiceat
437 4024 539 4079 neseio.-
565 4025 641 4078 mimi
660 4025 749 4096 arguti
775 4023 955 4093 Heideqqemu
978 4021 1088 4078 Halmii
1110 4021 1256 4092 discipulus

220 4115 245 4162 et
261 4116 290 4166 de
307 4110 397 4166 mimis
417 4109 472 4163 iam
490 4110 653 4179 cogitauerot
671 4110 796 4163 Moserus
902 4125 993 4178 arguar
1013 4115 1040 4177 lg
1059 4114 1127 4172 corr)
1150 4108 1177 4159 B
