<?xml version="1.0" encoding="UTF-8"?>
<!DOCTYPE html PUBLIC "-//W3C//DTD XHTML 1.0 Transitional//EN"
    "http://www.w3.org/TR/xhtml1/DTD/xhtml1-transitional.dtd">
<html xmlns="http://www.w3.org/1999/xhtml" xml:lang="en" lang="en">
 <head>
  <title>
</title>
<meta http-equiv="Content-Type" content="text/html;charset=utf-8" />
  <meta name='ocr-system' content='tesseract 3.04.00' />
  <meta name='ocr-capabilities' content='ocr_page ocr_carea ocr_par ocr_line ocrx_word'/>
</head>
<body>
  <div class='ocr_page' id='page_1' title='image "./mtulliiciceroni00vahlgoog_0285.png"; bbox 0 0 3024 4710; ppageno 0'>
   <div class='ocr_carea' id='block_1_1' title="bbox 588 331 1217 408">
    <p class='ocr_par' dir='ltr' id='par_1_1' title="bbox 588 331 1217 408">
     <span class='ocr_line' id='line_1_1' title="bbox 588 331 1217 408; baseline -0.005 -14"><span class='ocrx_word' id='word_1_1' title='bbox 588 340 818 408; x_wconf 79' lang='lat'>111&#39;5,12-13</span> <span class='ocrx_word' id='word_1_2' title='bbox 1157 331 1217 394; x_wconf 77' lang='grc'>137</span> 
     </span>
    </p>
   </div>
   <div class='ocr_carea' id='block_1_2' title="bbox 118 485 1260 2441">
    <p class='ocr_par' dir='ltr' id='par_1_2' title="bbox 177 485 1245 1205">
     <span class='ocr_line' id='line_1_2' title="bbox 178 485 1219 587; baseline -0.004 -20"><span class='ocrx_word' id='word_1_3' title='bbox 178 514 229 568; x_wconf 91' lang='lat' dir='ltr'>est</span> <span class='ocrx_word' id='word_1_4' title='bbox 258 503 364 580; x_wconf 88' lang='lat' dir='ltr'>enim,</span> <span class='ocrx_word' id='word_1_5' title='bbox 396 525 494 587; x_wconf 87' lang='lat' dir='ltr'>quern</span> <span class='ocrx_word' id='word_1_6' title='bbox 517 502 625 586; x_wconf 86' lang='lat' dir='ltr'>Scipio</span> <span class='ocrx_word' id='word_1_7' title='bbox 653 485 828 567; x_wconf 78' lang='lat' dir='ltr'>laudet&#39;in</span> <span class='ocrx_word' id='word_1_8' title='bbox 855 501 919 566; x_wconf 71' lang='lat' dir='ltr'>iltis</span> <span class='ocrx_word' id='word_1_9' title='bbox 946 501 1038 564; x_wconf 87' lang='lat' dir='ltr'>libris</span> <span class='ocrx_word' id='word_1_10' title='bbox 1068 510 1100 564; x_wconf 88' lang='lat' dir='ltr'>et</span> <span class='ocrx_word' id='word_1_11' title='bbox 1121 521 1219 585; x_wconf 85' lang='lat' dir='ltr'>quem</span> 
     </span>
     <span class='ocr_line' id='line_1_3' title="bbox 177 603 1220 690; baseline -0.005 -20"><span class='ocrx_word' id='word_1_12' title='bbox 177 607 322 670; x_wconf 84' lang='lat' dir='ltr'>maxime</span> <span class='ocrx_word' id='word_1_13' title='bbox 344 606 459 689; x_wconf 87' lang='lat' dir='ltr'>probat</span> <span class='ocrx_word' id='word_1_14' title='bbox 480 605 747 690; x_wconf 77' lang='lat' dir='ltr'><strong>temperationem</strong></span> <span class='ocrx_word' id='word_1_15' title='bbox 769 604 816 667; x_wconf 91' lang='lat' dir='ltr'>rei</span> <span class='ocrx_word' id='word_1_16' title='bbox 838 604 1001 689; x_wconf 89' lang='lat' dir='ltr'>publicae,</span> <span class='ocrx_word' id='word_1_17' title='bbox 1026 625 1110 687; x_wconf 87' lang='lat' dir='ltr'>quae</span> <span class='ocrx_word' id='word_1_18' title='bbox 1133 603 1220 667; x_wconf 86' lang='lat' dir='ltr'>effici</span> 
     </span>
     <span class='ocr_line' id='line_1_4' title="bbox 178 707 1218 793; baseline -0.002 -21"><span class='ocrx_word' id='word_1_19' title='bbox 178 731 249 773; x_wconf 91' lang='lat' dir='ltr'>non</span> <span class='ocrx_word' id='word_1_20' title='bbox 270 708 430 793; x_wconf 88' lang='lat' dir='ltr'>potuisset</span> <span class='ocrx_word' id='word_1_21' title='bbox 452 709 517 772; x_wconf 91' lang='lat' dir='ltr'>nisi</span> <span class='ocrx_word' id='word_1_22' title='bbox 539 707 597 773; x_wconf 85' lang='lat' dir='ltr'>tali</span> <span class='ocrx_word' id='word_1_23' title='bbox 618 707 834 793; x_wconf 83' lang='lat' dir='ltr'>descriptione</span> <span class='ocrx_word' id='word_1_24' title='bbox 855 707 1115 791; x_wconf 79' lang='lat' dir='ltr'><strong>magistratuum.</strong></span> <span class='ocrx_word' id='word_1_25' title='bbox 1140 727 1218 770; x_wconf 86' lang='lat' dir='ltr'>narn</span> 
     </span>
     <span class='ocr_line' id='line_1_5' title="bbox 180 809 1217 895; baseline -0.004 -19"><span class='ocrx_word' id='word_1_26' title='bbox 180 813 229 876; x_wconf 87' lang='lat' dir='ltr'>sic</span> <span class='ocrx_word' id='word_1_27' title='bbox 250 812 413 888; x_wconf 88' lang='lat' dir='ltr'>habetote,</span> <span class='ocrx_word' id='word_1_28' title='bbox 437 811 679 894; x_wconf 85' lang='lat' dir='ltr'>magistratibus</span> <span class='ocrx_word' id='word_1_29' title='bbox 701 811 819 894; x_wconf 86' lang='lat' dir='ltr'>iisque,</span> <span class='ocrx_word' id='word_1_30' title='bbox 843 810 900 895; x_wconf 93' lang='lat' dir='ltr'>qui</span> <span class='ocrx_word' id='word_1_31' title='bbox 921 810 1083 895; x_wconf 83' lang='lat' dir='ltr'><strong>praesint,</strong></span> <span class='ocrx_word' id='word_1_32' title='bbox 1108 809 1217 873; x_wconf 92' lang='lat' dir='ltr'>conti-</span> 
     </span>
     <span class='ocr_line' id='line_1_6' title="bbox 179 913 1245 999; baseline -0.002 -21"><span class='ocrx_word' id='word_1_33' title='bbox 179 915 252 978; x_wconf 87' lang='lat' dir='ltr'>neri</span> <span class='ocrx_word' id='word_1_34' title='bbox 273 914 521 998; x_wconf 85' lang='lat' dir='ltr'>rempublicam</span> <span class='ocrx_word' id='word_1_35' title='bbox 543 924 576 979; x_wconf 92' lang='lat' dir='ltr'>et</span> <span class='ocrx_word' id='word_1_36' title='bbox 598 937 638 978; x_wconf 87' lang='lat' dir='ltr'>ex</span> <span class='ocrx_word' id='word_1_37' title='bbox 661 936 772 978; x_wconf 91' lang='lat' dir='ltr'>eorum</span> <span class='ocrx_word' id='word_1_38' title='bbox 786 913 1021 999; x_wconf 85' lang='lat' dir='ltr'>conpositione,</span> <span class='ocrx_word' id='word_1_39' title='bbox 1046 913 1133 997; x_wconf 89' lang='lat' dir='ltr'>quod</span> <span class='ocrx_word' id='word_1_40' title='bbox 1155 927 1245 976; x_wconf 69' lang='grc' dir='ltr'>ιιι-5</span> 
     </span>
     <span class='ocr_line' id='line_1_7' title="bbox 180 1016 1218 1102; baseline -0.003 -21"><span class='ocrx_word' id='word_1_41' title='bbox 180 1017 298 1102; x_wconf 90' lang='lat' dir='ltr'>iusque</span> <span class='ocrx_word' id='word_1_42' title='bbox 320 1018 367 1081; x_wconf 87' lang='lat' dir='ltr'>rei</span> <span class='ocrx_word' id='word_1_43' title='bbox 389 1016 539 1101; x_wconf 89' lang='lat' dir='ltr'>publicae</span> <span class='ocrx_word' id='word_1_44' title='bbox 561 1039 667 1101; x_wconf 89' lang='lat' dir='ltr'>genus</span> <span class='ocrx_word' id='word_1_45' title='bbox 690 1018 743 1095; x_wconf 89' lang='lat' dir='ltr'>sit,</span> <span class='ocrx_word' id='word_1_46' title='bbox 766 1017 925 1100; x_wconf 83' lang='lat' dir='ltr'>intellegi.</span> <span class='ocrx_word' id='word_1_47' title='bbox 965 1036 1121 1100; x_wconf 89' lang='lat' dir='ltr'>quaeres</span> <span class='ocrx_word' id='word_1_48' title='bbox 1144 1037 1218 1078; x_wconf 91' lang='lat' dir='ltr'>cum</span> 
     </span>
     <span class='ocr_line' id='line_1_8' title="bbox 181 1119 1218 1205; baseline -0.002 -21"><span class='ocrx_word' id='word_1_49' title='bbox 181 1121 421 1205; x_wconf 83' lang='lat' dir='ltr'>sapientissime</span> <span class='ocrx_word' id='word_1_50' title='bbox 450 1119 770 1203; x_wconf 85' lang='lat' dir='ltr'>moderatissimeque</span> <span class='ocrx_word' id='word_1_51' title='bbox 793 1119 968 1184; x_wconf 86' lang='lat' dir='ltr'>constituta</span> <span class='ocrx_word' id='word_1_52' title='bbox 991 1130 1076 1182; x_wconf 89' lang='lat' dir='ltr'>esset</span> <span class='ocrx_word' id='word_1_53' title='bbox 1104 1141 1123 1182; x_wconf 90' lang='lat' dir='ltr'>a</span> <span class='ocrx_word' id='word_1_54' title='bbox 1144 1141 1218 1182; x_wconf 85' lang='lat' dir='ltr'>ma·-</span> 
     </span>
    </p>

    <p class='ocr_par' dir='ltr' id='par_1_3' title="bbox 144 1220 1255 1410">
     <span class='ocr_line' id='line_1_9' title="bbox 144 1220 1255 1305; baseline -0.003 -18"><span class='ocrx_word' id='word_1_55' title='bbox 144 1263 147 1269; x_wconf 90' lang='lat'>·</span> <span class='ocrx_word' id='word_1_56' title='bbox 179 1223 304 1287; x_wconf 87' lang='lat' dir='ltr'>ioribus</span> <span class='ocrx_word' id='word_1_57' title='bbox 333 1223 470 1300; x_wconf 88' lang='lat' dir='ltr'>nostris,</span> <span class='ocrx_word' id='word_1_58' title='bbox 501 1223 585 1286; x_wconf 91' lang='lat' dir='ltr'>nihil</span> <span class='ocrx_word' id='word_1_59' title='bbox 606 1222 709 1286; x_wconf 88' lang='lat' dir='ltr'>habui</span> <span class='ocrx_word' id='word_1_60' title='bbox 731 1244 827 1301; x_wconf 90' lang='lat' dir='ltr'>sane,</span> <span class='ocrx_word' id='word_1_61' title='bbox 858 1244 926 1286; x_wconf 92' lang='lat' dir='ltr'>non</span> <span class='ocrx_word' id='word_1_62' title='bbox 947 1220 1107 1300; x_wconf 89' lang='lat' dir='ltr'>multum,</span> <span class='ocrx_word' id='word_1_63' title='bbox 1132 1223 1219 1305; x_wconf 91' lang='lat' dir='ltr'>quod</span> <span class='ocrx_word' id='word_1_64' title='bbox 1253 1299 1255 1302; x_wconf 16' lang='grc' dir='ltr'>Ι</span> 
     </span>
     <span class='ocr_line' id='line_1_10' title="bbox 178 1326 761 1410; baseline -0.002 -21"><span class='ocrx_word' id='word_1_65' title='bbox 178 1335 328 1410; x_wconf 85' lang='lat' dir='ltr'>putarem</span> <span class='ocrx_word' id='word_1_66' title='bbox 350 1327 541 1390; x_wconf 84' lang='lat' dir='ltr'>nouandum</span> <span class='ocrx_word' id='word_1_67' title='bbox 563 1327 600 1388; x_wconf 93' lang='lat' dir='ltr'>in</span> <span class='ocrx_word' id='word_1_68' title='bbox 621 1326 761 1410; x_wconf 85' lang='lat' dir='ltr'>legibus.</span> 
     </span>
    </p>

    <p class='ocr_par' dir='ltr' id='par_1_4' title="bbox 118 1427 1259 1820">
     <span class='ocr_line' id='line_1_11' title="bbox 118 1427 1259 1514; baseline -0.007 -20"><span class='ocrx_word' id='word_1_69' title='bbox 118 1437 170 1494; x_wconf 83' lang='grc'>-13</span> <span class='ocrx_word' id='word_1_70' title='bbox 245 1429 403 1492; x_wconf 79' lang='lat' dir='ltr'>Arrievs.</span> <span class='ocrx_word' id='word_1_71' title='bbox 449 1429 579 1492; x_wconf 88' lang='lat' dir='ltr'>Reddes</span> <span class='ocrx_word' id='word_1_72' title='bbox 600 1428 701 1514; x_wconf 86' lang='lat' dir='ltr'>igitur</span> <span class='ocrx_word' id='word_1_73' title='bbox 715 1429 822 1505; x_wconf 85' lang='lat' dir='ltr'>nobis,</span> <span class='ocrx_word' id='word_1_74' title='bbox 847 1439 885 1492; x_wconf 94' lang='lat' dir='ltr'>ut</span> <span class='ocrx_word' id='word_1_75' title='bbox 905 1428 942 1490; x_wconf 91' lang='lat' dir='ltr'>in</span> <span class='ocrx_word' id='word_1_76' title='bbox 956 1427 1124 1512; x_wconf 86' lang='lat' dir='ltr'>religionis</span> <span class='ocrx_word' id='word_1_77' title='bbox 1146 1427 1218 1512; x_wconf 88' lang='lat' dir='ltr'>lege</span> <span class='ocrx_word' id='word_1_78' title='bbox 1233 1446 1259 1487; x_wconf 88' lang='lat' dir='ltr'>io</span> 
     </span>
     <span class='ocr_line' id='line_1_12' title="bbox 179 1530 1217 1620; baseline 0 -26"><span class='ocrx_word' id='word_1_79' title='bbox 179 1531 286 1595; x_wconf 82' lang='lat' dir='ltr'>fecisti</span> <span class='ocrx_word' id='word_1_80' title='bbox 308 1532 476 1596; x_wconf 82' lang='lat' dir='ltr'>admonitu</span> <span class='ocrx_word' id='word_1_81' title='bbox 506 1544 538 1595; x_wconf 91' lang='lat' dir='ltr'>et</span> <span class='ocrx_word' id='word_1_82' title='bbox 559 1542 674 1620; x_wconf 84' lang='lat' dir='ltr'>rogatu</span> <span class='ocrx_word' id='word_1_83' title='bbox 696 1553 787 1610; x_wconf 90' lang='lat' dir='ltr'>meo,</span> <span class='ocrx_word' id='word_1_84' title='bbox 820 1530 866 1595; x_wconf 90' lang='lat' dir='ltr'>sic</span> <span class='ocrx_word' id='word_1_85' title='bbox 895 1532 935 1594; x_wconf 88' lang='lat' dir='ltr'>dc</span> <span class='ocrx_word' id='word_1_86' title='bbox 964 1531 1217 1614; x_wconf 84' lang='lat' dir='ltr'>magistratibus,</span> 
     </span>
     <span class='ocr_line' id='line_1_13' title="bbox 182 1633 1220 1719; baseline 0.001 -23"><span class='ocrx_word' id='word_1_87' title='bbox 182 1643 221 1697; x_wconf 90' lang='lat' dir='ltr'>ut</span> <span class='ocrx_word' id='word_1_88' title='bbox 242 1633 402 1718; x_wconf 88' lang='lat' dir='ltr'>disputes,</span> <span class='ocrx_word' id='word_1_89' title='bbox 426 1635 544 1719; x_wconf 92' lang='lat' dir='ltr'>quibus</span> <span class='ocrx_word' id='word_1_90' title='bbox 568 1635 607 1699; x_wconf 91' lang='lat' dir='ltr'>de</span> <span class='ocrx_word' id='word_1_91' title='bbox 630 1635 742 1714; x_wconf 83' lang='lat' dir='ltr'>causis</span> <span class='ocrx_word' id='word_1_92' title='bbox 756 1634 898 1699; x_wconf 84' lang='lat' dir='ltr'>maxime</span> <span class='ocrx_word' id='word_1_93' title='bbox 920 1633 1046 1719; x_wconf 84' lang='lat' dir='ltr'>placeat</span> <span class='ocrx_word' id='word_1_94' title='bbox 1073 1634 1136 1698; x_wconf 89' lang='lat' dir='ltr'>ista</span> <span class='ocrx_word' id='word_1_95' title='bbox 1157 1635 1220 1697; x_wconf 87' lang='lat' dir='ltr'>de-</span> 
     </span>
     <span class='ocr_line' id='line_1_14' title="bbox 178 1737 1110 1820; baseline -0.001 -20"><span class='ocrx_word' id='word_1_96' title='bbox 178 1737 320 1820; x_wconf 83' lang='lat' dir='ltr'>scriptio.</span> <span class='ocrx_word' id='word_1_97' title='bbox 1107 1807 1110 1812; x_wconf 52' lang='grc'><em>,</em></span> 
     </span>
    </p>

    <p class='ocr_par' dir='ltr' id='par_1_5' title="bbox 178 1839 1260 2129">
     <span class='ocr_line' id='line_1_15' title="bbox 245 1839 1220 1918; baseline -0.001 -16"><span class='ocrx_word' id='word_1_98' title='bbox 245 1840 397 1903; x_wconf 74' lang='grc' dir='ltr'>ΜΛιιονε.</span> <span class='ocrx_word' id='word_1_99' title='bbox 444 1839 593 1918; x_wconf 85' lang='lat' dir='ltr'>Faciam,</span> <span class='ocrx_word' id='word_1_100' title='bbox 618 1840 744 1918; x_wconf 86' lang='lat' dir='ltr'>Attice,</span> <span class='ocrx_word' id='word_1_101' title='bbox 775 1850 813 1905; x_wconf 92' lang='lat' dir='ltr'>ut</span> <span class='ocrx_word' id='word_1_102' title='bbox 834 1841 905 1918; x_wconf 89' lang='lat' dir='ltr'>uis,</span> <span class='ocrx_word' id='word_1_103' title='bbox 938 1851 971 1904; x_wconf 89' lang='lat' dir='ltr'>et</span> <span class='ocrx_word' id='word_1_104' title='bbox 992 1839 1100 1902; x_wconf 89' lang='lat' dir='ltr'>locum</span> <span class='ocrx_word' id='word_1_105' title='bbox 1120 1839 1220 1902; x_wconf 78' lang='lat' dir='ltr'>ist‘uni</span> 
     </span>
     <span class='ocr_line' id='line_1_16' title="bbox 178 1941 1260 2027; baseline 0.006 -23"><span class='ocrx_word' id='word_1_106' title='bbox 178 1951 296 2017; x_wconf 90' lang='lat' dir='ltr'>totum,</span> <span class='ocrx_word' id='word_1_107' title='bbox 321 1953 358 2005; x_wconf 92' lang='lat' dir='ltr'>ut</span> <span class='ocrx_word' id='word_1_108' title='bbox 380 1965 399 2006; x_wconf 86' lang='lat' dir='ltr'>a</span> <span class='ocrx_word' id='word_1_109' title='bbox 421 1941 614 2005; x_wconf 90' lang='lat' dir='ltr'>doctissimis</span> <span class='ocrx_word' id='word_1_110' title='bbox 630 1942 786 2006; x_wconf 81' lang='lat' dir='ltr'>Graeciae</span> <span class='ocrx_word' id='word_1_111' title='bbox 809 1943 991 2027; x_wconf 88' lang='lat' dir='ltr'>quaesitum</span> <span class='ocrx_word' id='word_1_112' title='bbox 1014 1954 1046 2006; x_wconf 90' lang='lat' dir='ltr'>et</span> <span class='ocrx_word' id='word_1_113' title='bbox 1067 1943 1220 2026; x_wconf 85' lang='lat' dir='ltr'>disputa·</span> <span class='ocrx_word' id='word_1_114' title='bbox 1234 1969 1260 2010; x_wconf 76' lang='lat' dir='ltr'>is</span> 
     </span>
     <span class='ocr_line' id='line_1_17' title="bbox 180 2045 1217 2129; baseline 0.002 -23"><span class='ocrx_word' id='word_1_115' title='bbox 180 2053 251 2106; x_wconf 91' lang='lat' dir='ltr'>tum</span> <span class='ocrx_word' id='word_1_116' title='bbox 267 2055 328 2122; x_wconf 89' lang='lat' dir='ltr'>est,</span> <span class='ocrx_word' id='word_1_117' title='bbox 353 2045 523 2129; x_wconf 84' lang='lat' dir='ltr'>explicabo</span> <span class='ocrx_word' id='word_1_118' title='bbox 539 2055 583 2124; x_wconf 88' lang='lat' dir='ltr'>et,</span> <span class='ocrx_word' id='word_1_119' title='bbox 608 2057 645 2110; x_wconf 94' lang='lat' dir='ltr'>ut</span> <span class='ocrx_word' id='word_1_120' title='bbox 665 2046 805 2124; x_wconf 89' lang='lat' dir='ltr'>institui,</span> <span class='ocrx_word' id='word_1_121' title='bbox 830 2056 940 2111; x_wconf 85' lang='lat' dir='ltr'>nostra</span> <span class='ocrx_word' id='word_1_122' title='bbox 960 2045 1033 2110; x_wconf 88' lang='lat' dir='ltr'>iura</span> <span class='ocrx_word' id='word_1_123' title='bbox 1048 2045 1217 2129; x_wconf 84' lang='lat' dir='ltr'>attingam.</span> 
     </span>
    </p>

    <p class='ocr_par' dir='ltr' id='par_1_6' title="bbox 244 2147 1202 2237">
     <span class='ocr_line' id='line_1_18' title="bbox 244 2147 1202 2237; baseline 0.001 -27"><span class='ocrx_word' id='word_1_124' title='bbox 244 2148 401 2234; x_wconf 72' lang='lat' dir='ltr'>Ainieva</span> <span class='ocrx_word' id='word_1_125' title='bbox 449 2148 542 2211; x_wconf 89' lang='lat' dir='ltr'>Istud</span> <span class='ocrx_word' id='word_1_126' title='bbox 563 2147 704 2237; x_wconf 83' lang='lat' dir='ltr'>maxime</span> <span class='ocrx_word' id='word_1_127' title='bbox 727 2159 861 2234; x_wconf 84' lang='lat' dir='ltr'>expecto</span> <span class='ocrx_word' id='word_1_128' title='bbox 884 2149 1064 2212; x_wconf 88' lang='lat' dir='ltr'>disserendi</span> <span class='ocrx_word' id='word_1_129' title='bbox 1086 2170 1202 2232; x_wconf 87' lang='lat' dir='ltr'>genus.</span> 
     </span>
    </p>

    <p class='ocr_par' dir='ltr' id='par_1_7' title="bbox 178 2249 1218 2441">
     <span class='ocr_line' id='line_1_19' title="bbox 243 2249 1218 2336; baseline 0.005 -25"><span class='ocrx_word' id='word_1_130' title='bbox 243 2249 393 2314; x_wconf 58' lang='lat' dir='ltr'>Menova.</span> <span class='ocrx_word' id='word_1_131' title='bbox 433 2251 535 2334; x_wconf 89' lang='lat' dir='ltr'>Atqui</span> <span class='ocrx_word' id='word_1_132' title='bbox 564 2251 717 2336; x_wconf 83' lang='lat' dir='ltr'>pleraque</span> <span class='ocrx_word' id='word_1_133' title='bbox 748 2262 825 2316; x_wconf 89' lang='lat' dir='ltr'>sunt</span> <span class='ocrx_word' id='word_1_134' title='bbox 847 2251 933 2316; x_wconf 87' lang='lat' dir='ltr'>dicta</span> <span class='ocrx_word' id='word_1_135' title='bbox 962 2252 998 2316; x_wconf 91' lang='lat' dir='ltr'>iii</span> <span class='ocrx_word' id='word_1_136' title='bbox 1024 2251 1089 2316; x_wconf 90' lang='lat' dir='ltr'>illis</span> <span class='ocrx_word' id='word_1_137' title='bbox 1112 2252 1218 2330; x_wconf 85' lang='lat' dir='ltr'>libris,</span> 
     </span>
     <span class='ocr_line' id='line_1_20' title="bbox 178 2351 1217 2441; baseline 0.004 -27"><span class='ocrx_word' id='word_1_138' title='bbox 178 2353 266 2436; x_wconf 93' lang='lat' dir='ltr'>quod</span> <span class='ocrx_word' id='word_1_139' title='bbox 287 2351 472 2418; x_wconf 88' lang='lat' dir='ltr'>faciendum</span> <span class='ocrx_word' id='word_1_140' title='bbox 494 2354 569 2432; x_wconf 86' lang='lat' dir='ltr'>suit,</span> <span class='ocrx_word' id='word_1_141' title='bbox 595 2376 669 2418; x_wconf 89' lang='lat' dir='ltr'>cum</span> <span class='ocrx_word' id='word_1_142' title='bbox 691 2355 732 2419; x_wconf 90' lang='lat' dir='ltr'>de</span> <span class='ocrx_word' id='word_1_143' title='bbox 746 2366 880 2440; x_wconf 88' lang='lat' dir='ltr'>optuma</span> <span class='ocrx_word' id='word_1_144' title='bbox 902 2355 1091 2441; x_wconf 88' lang='lat' dir='ltr'>republica</span> <span class='ocrx_word' id='word_1_145' title='bbox 1113 2376 1217 2439; x_wconf 88' lang='lat' dir='ltr'>quae-</span> 
     </span>
    </p>
   </div>
   <div class='ocr_carea' id='block_1_3' title="bbox 177 2524 1219 2942">
    <p class='ocr_par' dir='ltr' id='par_1_8' title="bbox 177 2524 1219 2942">
     <span class='ocr_line' id='line_1_21' title="bbox 234 2524 1217 2594; baseline 0.005 -19"><span class='ocrx_word' id='word_1_146' title='bbox 234 2524 350 2594; x_wconf 84' lang='lat' dir='ltr'>llpicio</span> <span class='ocrx_word' id='word_1_147' title='bbox 369 2527 398 2581; x_wconf 99' lang='grc' dir='ltr'><em>Β</em></span> <span class='ocrx_word' id='word_1_148' title='bbox 478 2525 532 2580; x_wconf 86' lang='lat' dir='ltr'>illis</span> <span class='ocrx_word' id='word_1_149' title='bbox 551 2546 593 2580; x_wconf 84' lang='lat' dir='ltr'>om</span> <span class='ocrx_word' id='word_1_150' title='bbox 610 2525 1015 2594; x_wconf 57' lang='lat' dir='ltr'>flammicremae</span> <span class='ocrx_word' id='word_1_151' title='bbox 1097 2528 1217 2580; x_wconf 75' lang='lat' dir='ltr'>lmen·</span> 
     </span>
     <span class='ocr_line' id='line_1_22' title="bbox 179 2611 1215 2683; baseline 0.003 -21"><span class='ocrx_word' id='word_1_152' title='bbox 179 2627 239 2664; x_wconf 88' lang='lat' dir='ltr'>mae</span> <span class='ocrx_word' id='word_1_153' title='bbox 258 2611 286 2664; x_wconf 93' lang='grc' dir='ltr'><em>Β</em></span> <span class='ocrx_word' id='word_1_154' title='bbox 356 2611 371 2662; x_wconf 84' lang='lat'>³</span> <span class='ocrx_word' id='word_1_155' title='bbox 388 2611 525 2682; x_wconf 90' lang='lat' dir='ltr'>potuisset</span> <span class='ocrx_word' id='word_1_156' title='bbox 542 2613 667 2668; x_wconf 76' lang='lat' dir='ltr'>editiones</span> <span class='ocrx_word' id='word_1_157' title='bbox 684 2614 807 2682; x_wconf 80' lang='lat' dir='ltr'>potuisse</span> <span class='ocrx_word' id='word_1_158' title='bbox 825 2615 885 2668; x_wconf 93' lang='lat' dir='ltr'>AB</span> <span class='ocrx_word' id='word_1_159' title='bbox 966 2615 983 2664; x_wconf 82' lang='lat'>4</span> <span class='ocrx_word' id='word_1_160' title='bbox 1001 2611 1215 2683; x_wconf 74' lang='lat' dir='ltr'>magistratibus·</span> 
     </span>
     <span class='ocr_line' id='line_1_23' title="bbox 178 2695 1218 2772; baseline 0.002 -24"><span class='ocrx_word' id='word_1_161' title='bbox 178 2695 277 2766; x_wconf 84' lang='lat' dir='ltr'>susque</span> <span class='ocrx_word' id='word_1_162' title='bbox 295 2698 322 2750; x_wconf 91' lang='lat' dir='ltr'><em>A</em></span> <span class='ocrx_word' id='word_1_163' title='bbox 341 2695 518 2767; x_wconf 52' lang='lat' dir='ltr'>magistrari&amp;</span> <span class='ocrx_word' id='word_1_164' title='bbox 537 2698 584 2751; x_wconf 91' lang='lat' dir='ltr'>siis</span> <span class='ocrx_word' id='word_1_165' title='bbox 599 2714 667 2769; x_wconf 87' lang='lat' dir='ltr'>quae</span> <span class='ocrx_word' id='word_1_166' title='bbox 686 2695 715 2753; x_wconf 86' lang='lat' dir='ltr'><em>B</em></span> <span class='ocrx_word' id='word_1_167' title='bbox 809 2697 917 2772; x_wconf 82' lang='lat' dir='ltr'>presinr</span> <span class='ocrx_word' id='word_1_168' title='bbox 934 2703 962 2753; x_wconf 97' lang='lat' dir='ltr'><em>A</em></span> <span class='ocrx_word' id='word_1_169' title='bbox 1055 2698 1218 2768; x_wconf 84' lang='lat' dir='ltr'>5conposi·</span> 
     </span>
     <span class='ocr_line' id='line_1_24' title="bbox 177 2783 1217 2856; baseline 0.002 -20"><span class='ocrx_word' id='word_1_170' title='bbox 177 2799 256 2836; x_wconf 81' lang='lat' dir='ltr'>none</span> <span class='ocrx_word' id='word_1_171' title='bbox 274 2783 336 2836; x_wconf 89' lang='lat' dir='ltr'>AB</span> <span class='ocrx_word' id='word_1_172' title='bbox 352 2783 400 2836; x_wconf 79' lang='lat' dir='ltr'>ced</span> <span class='ocrx_word' id='word_1_173' title='bbox 416 2801 495 2856; x_wconf 89' lang='lat' dir='ltr'>comp</span> <span class='ocrx_word' id='word_1_174' title='bbox 514 2803 574 2838; x_wconf 86' lang='lat' dir='ltr'>corr</span> <span class='ocrx_word' id='word_1_175' title='bbox 591 2786 619 2839; x_wconf 80' lang='lat' dir='ltr'>i&#39;n</span> <span class='ocrx_word' id='word_1_176' title='bbox 637 2789 665 2839; x_wconf 91' lang='lat' dir='ltr'><em>A</em></span> <span class='ocrx_word' id='word_1_177' title='bbox 762 2784 895 2856; x_wconf 87' lang='lat' dir='ltr'>cuiusque</span> <span class='ocrx_word' id='word_1_178' title='bbox 913 2784 952 2838; x_wconf 89' lang='lat' dir='ltr'>rei</span> <span class='ocrx_word' id='word_1_179' title='bbox 970 2783 1096 2855; x_wconf 81' lang='lat' dir='ltr'>publicae</span> <span class='ocrx_word' id='word_1_180' title='bbox 1118 2784 1217 2838; x_wconf 73' lang='lat' dir='ltr'>Turne</span> 
     </span>
     <span class='ocr_line' id='line_1_25' title="bbox 179 2867 1219 2942; baseline 0.001 -20"><span class='ocrx_word' id='word_1_181' title='bbox 179 2867 233 2930; x_wconf 70' lang='lat' dir='ltr'>tus,</span> <span class='ocrx_word' id='word_1_182' title='bbox 254 2868 290 2921; x_wconf 84' lang='grc' dir='ltr'>Β.</span> <span class='ocrx_word' id='word_1_183' title='bbox 307 2869 454 2938; x_wconf 74' lang='lat' dir='ltr'>Stephanus</span> <span class='ocrx_word' id='word_1_184' title='bbox 472 2870 531 2923; x_wconf 86' lang='lat' dir='ltr'>eius</span> <span class='ocrx_word' id='word_1_185' title='bbox 547 2887 600 2940; x_wconf 89' lang='lat' dir='ltr'>que</span> <span class='ocrx_word' id='word_1_186' title='bbox 619 2887 706 2941; x_wconf 87' lang='lat' dir='ltr'>iniep.</span> <span class='ocrx_word' id='word_1_187' title='bbox 718 2875 745 2926; x_wconf 89' lang='lat' dir='ltr'><em>A</em></span> <span class='ocrx_word' id='word_1_188' title='bbox 764 2873 812 2942; x_wconf 75' lang='lat' dir='ltr'>ciq3</span> <span class='ocrx_word' id='word_1_189' title='bbox 832 2888 861 2924; x_wconf 92' lang='lat' dir='ltr'>iii</span> <span class='ocrx_word' id='word_1_190' title='bbox 880 2870 974 2941; x_wconf 82' lang='lat' dir='ltr'>repB</span> <span class='ocrx_word' id='word_1_191' title='bbox 1027 2868 1143 2939; x_wconf 79' lang='lat' dir='ltr'>ssgenos</span> <span class='ocrx_word' id='word_1_192' title='bbox 1159 2888 1219 2923; x_wconf 74' lang='lat' dir='ltr'>con·</span> 
     </span>
    </p>
   </div>
   <div class='ocr_carea' id='block_1_4' title="bbox 179 2951 1220 3138">
    <p class='ocr_par' dir='ltr' id='par_1_9' title="bbox 179 2951 1220 3138">
     <span class='ocr_line' id='line_1_26' title="bbox 179 2951 1216 3045; baseline 0.001 -20"><span class='ocrx_word' id='word_1_193' title='bbox 179 2969 269 3041; x_wconf 78' lang='lat' dir='ltr'>genus</span> <span class='ocrx_word' id='word_1_194' title='bbox 281 2975 308 3025; x_wconf 92' lang='lat' dir='ltr'><em>A</em></span> <span class='ocrx_word' id='word_1_195' title='bbox 395 2951 516 3042; x_wconf 63' lang='lat' dir='ltr'>intelligi</span> <span class='ocrx_word' id='word_1_196' title='bbox 532 2977 559 3027; x_wconf 92' lang='lat' dir='ltr'><em>A</em></span> <span class='ocrx_word' id='word_1_197' title='bbox 629 2973 777 3045; x_wconf 74' lang='lat' dir='ltr'>intellegiip</span> <span class='ocrx_word' id='word_1_198' title='bbox 797 2973 841 3027; x_wconf 89' lang='lat' dir='ltr'>res</span> <span class='ocrx_word' id='word_1_199' title='bbox 850 2975 879 3029; x_wconf 95' lang='grc' dir='ltr'><em>Β</em></span> <span class='ocrx_word' id='word_1_200' title='bbox 966 2963 1216 3042; x_wconf 70' lang='lat' dir='ltr'>tsapicnrilsim&#39;ae</span> 
     </span>
     <span class='ocr_line' id='line_1_27' title="bbox 179 3055 1220 3138; baseline 0.001 -28"><span class='ocrx_word' id='word_1_201' title='bbox 179 3055 416 3111; x_wconf 82' lang='lat' dir='ltr'>moderannssime</span> <span class='ocrx_word' id='word_1_202' title='bbox 445 3075 499 3128; x_wconf 88' lang='lat' dir='ltr'>que</span> <span class='ocrx_word' id='word_1_203' title='bbox 527 3062 554 3114; x_wconf 90' lang='lat' dir='ltr'><em>A</em></span> <span class='ocrx_word' id='word_1_204' title='bbox 578 3057 775 3138; x_wconf 69' lang='lat' dir='ltr'>sapientissime</span> <span class='ocrx_word' id='word_1_205' title='bbox 805 3057 1068 3126; x_wconf 71' lang='lat' dir='ltr'>moderannsllimae</span> <span class='ocrx_word' id='word_1_206' title='bbox 1099 3073 1168 3128; x_wconf 88' lang='lat' dir='ltr'>quae</span> <span class='ocrx_word' id='word_1_207' title='bbox 1191 3058 1220 3111; x_wconf 88' lang='lat' dir='ltr'><em>B</em></span> 
     </span>
    </p>
   </div>
   <div class='ocr_carea' id='block_1_5' title="bbox 179 3134 1221 4099">
    <p class='ocr_par' dir='ltr' id='par_1_10' title="bbox 179 3134 1218 3233">
     <span class='ocr_line' id='line_1_28' title="bbox 179 3134 1218 3233; baseline 0 -19"><span class='ocrx_word' id='word_1_208' title='bbox 179 3134 417 3231; x_wconf 66' lang='lat' dir='ltr'>modeidtissimeqi</span> <span class='ocrx_word' id='word_1_209' title='bbox 431 3177 501 3232; x_wconf 81' lang='lat' dir='ltr'>quea</span> <span class='ocrx_word' id='word_1_210' title='bbox 510 3163 685 3226; x_wconf 76' lang='lat' dir='ltr'>Heinsicnui,</span> <span class='ocrx_word' id='word_1_211' title='bbox 700 3164 746 3233; x_wconf 78' lang='lat' dir='ltr'>qui</span> <span class='ocrx_word' id='word_1_212' title='bbox 756 3163 837 3217; x_wconf 68' lang='lat' dir='ltr'>codex</span> <span class='ocrx_word' id='word_1_213' title='bbox 847 3162 877 3215; x_wconf 79' lang='lat' dir='ltr'>io</span> <span class='ocrx_word' id='word_1_214' title='bbox 888 3179 950 3215; x_wconf 81' lang='lat' dir='ltr'>uoce</span> <span class='ocrx_word' id='word_1_215' title='bbox 962 3161 1047 3215; x_wconf 81' lang='lat' dir='ltr'>nichil</span> <span class='ocrx_word' id='word_1_216' title='bbox 1058 3179 1083 3214; x_wconf 85' lang='lat' dir='ltr'>u.</span> <span class='ocrx_word' id='word_1_217' title='bbox 1100 3163 1116 3214; x_wconf 89' lang='lat'>8</span> <span class='ocrx_word' id='word_1_218' title='bbox 1131 3161 1218 3231; x_wconf 80' lang='lat' dir='ltr'>deficit</span> 
     </span>
    </p>

    <p class='ocr_par' dir='ltr' id='par_1_11' title="bbox 180 3246 1221 4099">
     <span class='ocr_line' id='line_1_29' title="bbox 229 3246 1216 3320; baseline 0.003 -21"><span class='ocrx_word' id='word_1_219' title='bbox 229 3249 245 3299; x_wconf 85' lang='lat'>8</span> <span class='ocrx_word' id='word_1_220' title='bbox 249 3247 371 3316; x_wconf 74' lang='lat' dir='ltr'>sortasse</span> <span class='ocrx_word' id='word_1_221' title='bbox 381 3262 437 3300; x_wconf 90' lang='lat' dir='ltr'>non</span> <span class='ocrx_word' id='word_1_222' title='bbox 446 3246 558 3317; x_wconf 88' lang='lat' dir='ltr'>paulum</span> <span class='ocrx_word' id='word_1_223' title='bbox 563 3255 675 3320; x_wconf 77' lang='lat' dir='ltr'>propter</span> <span class='ocrx_word' id='word_1_224' title='bbox 686 3250 743 3314; x_wconf 86' lang='grc'>136,</span> <span class='ocrx_word' id='word_1_225' title='bbox 754 3251 785 3314; x_wconf 76' lang='lat'>73</span> <span class='ocrx_word' id='word_1_226' title='bbox 800 3255 847 3303; x_wconf 87' lang='lat' dir='ltr'>aut</span> <span class='ocrx_word' id='word_1_227' title='bbox 859 3265 915 3303; x_wconf 90' lang='lat' dir='ltr'>non</span> <span class='ocrx_word' id='word_1_228' title='bbox 929 3247 1047 3303; x_wconf 87' lang='lat' dir='ltr'>multum</span> <span class='ocrx_word' id='word_1_229' title='bbox 1059 3248 1216 3318; x_wconf 66' lang='lat' dir='ltr'>Madiiqiua</span> 
     </span>
     <span class='ocr_line' id='line_1_30' title="bbox 180 3331 1218 3405; baseline 0.003 -21"><span class='ocrx_word' id='word_1_230' title='bbox 180 3349 236 3386; x_wconf 92' lang='lat' dir='ltr'>non</span> <span class='ocrx_word' id='word_1_231' title='bbox 254 3332 337 3386; x_wconf 89' lang='lat' dir='ltr'>inodo</span> <span class='ocrx_word' id='word_1_232' title='bbox 355 3331 473 3385; x_wconf 89' lang='lat' dir='ltr'>multum</span> <span class='ocrx_word' id='word_1_233' title='bbox 491 3333 632 3387; x_wconf 72' lang='lat' dir='ltr'>deteri&#39;mr</span> <span class='ocrx_word' id='word_1_234' title='bbox 713 3335 788 3404; x_wconf 91' lang='lat' dir='ltr'>quod</span> <span class='ocrx_word' id='word_1_235' title='bbox 809 3339 836 3405; x_wconf 90' lang='lat' dir='ltr'>(q</span> <span class='ocrx_word' id='word_1_236' title='bbox 854 3353 868 3387; x_wconf 78' lang='lat' dir='ltr'>e</span> <span class='ocrx_word' id='word_1_237' title='bbox 885 3341 952 3401; x_wconf 82' lang='lat' dir='ltr'>corr)</span> <span class='ocrx_word' id='word_1_238' title='bbox 974 3338 1001 3390; x_wconf 90' lang='lat' dir='ltr'><em>A</em></span> <span class='ocrx_word' id='word_1_239' title='bbox 1084 3336 1113 3387; x_wconf 94' lang='grc'>11</span> <span class='ocrx_word' id='word_1_240' title='bbox 1135 3351 1218 3404; x_wconf 84' lang='lat' dir='ltr'>roga-</span> 
     </span>
     <span class='ocr_line' id='line_1_31' title="bbox 181 3417 1220 3492; baseline 0.004 -22"><span class='ocrx_word' id='word_1_241' title='bbox 181 3420 245 3471; x_wconf 86' lang='lat' dir='ltr'>ti&#39;ieo</span> <span class='ocrx_word' id='word_1_242' title='bbox 258 3417 285 3469; x_wconf 95' lang='lat' dir='ltr'><em>B</em></span> <span class='ocrx_word' id='word_1_243' title='bbox 357 3419 387 3470; x_wconf 82' lang='lat'>12</span> <span class='ocrx_word' id='word_1_244' title='bbox 406 3417 524 3488; x_wconf 87' lang='lat' dir='ltr'>dispuns</span> <span class='ocrx_word' id='word_1_245' title='bbox 534 3421 561 3474; x_wconf 95' lang='grc' dir='ltr'><em>Β</em></span> <span class='ocrx_word' id='word_1_246' title='bbox 574 3437 634 3474; x_wconf 85' lang='lat' dir='ltr'>corr</span> <span class='ocrx_word' id='word_1_247' title='bbox 646 3417 677 3472; x_wconf 90' lang='lat' dir='ltr'>es</span> <span class='ocrx_word' id='word_1_248' title='bbox 685 3424 711 3473; x_wconf 90' lang='lat' dir='ltr'><em>A</em></span> <span class='ocrx_word' id='word_1_249' title='bbox 764 3427 796 3475; x_wconf 88' lang='lat' dir='ltr'>ut</span> <span class='ocrx_word' id='word_1_250' title='bbox 808 3421 932 3492; x_wconf 82' lang='lat' dir='ltr'>disputes</span> <span class='ocrx_word' id='word_1_251' title='bbox 946 3421 1047 3474; x_wconf 75' lang='lat' dir='ltr'>Rustic</span> <span class='ocrx_word' id='word_1_252' title='bbox 1059 3420 1220 3490; x_wconf 79' lang='lat' dir='ltr'>Halmioquc</span> 
     </span>
     <span class='ocr_line' id='line_1_32' title="bbox 181 3503 1221 3575; baseline 0.002 -19"><span class='ocrx_word' id='word_1_253' title='bbox 181 3504 268 3572; x_wconf 63' lang='lat' dir='ltr'>clocca</span> <span class='ocrx_word' id='word_1_254' title='bbox 293 3503 350 3556; x_wconf 66' lang='lat' dir='ltr'>uisa</span> <span class='ocrx_word' id='word_1_255' title='bbox 369 3510 420 3568; x_wconf 78' lang='lat' dir='ltr'>cet,</span> <span class='ocrx_word' id='word_1_256' title='bbox 446 3505 600 3575; x_wconf 66' lang='lat' dir='ltr'>imamque</span> <span class='ocrx_word' id='word_1_257' title='bbox 618 3505 761 3564; x_wconf 76' lang='lat' dir='ltr'>Bct&#39;tertu:</span> <span class='ocrx_word' id='word_1_258' title='bbox 785 3508 834 3561; x_wconf 75' lang='lat' dir='ltr'>aed</span> <span class='ocrx_word' id='word_1_259' title='bbox 849 3505 883 3560; x_wconf 75' lang='lat' dir='ltr'>t&#39;t‘e</span> <span class='ocrx_word' id='word_1_260' title='bbox 901 3505 991 3560; x_wconf 78' lang='lat' dir='ltr'>deleti&#39;e</span> <span class='ocrx_word' id='word_1_261' title='bbox 1008 3505 1055 3558; x_wconf 58' lang='lat' dir='ltr'>iiic</span> <span class='ocrx_word' id='word_1_262' title='bbox 1078 3505 1170 3558; x_wconf 77' lang='lat' dir='ltr'>melior</span> <span class='ocrx_word' id='word_1_263' title='bbox 1179 3508 1221 3575; x_wconf 78' lang='lat' dir='ltr'>fit</span> 
     </span>
     <span class='ocr_line' id='line_1_33' title="bbox 182 3589 1220 3660; baseline 0 -18"><span class='ocrx_word' id='word_1_264' title='bbox 182 3595 227 3642; x_wconf 81' lang='lat' dir='ltr'>cut</span> <span class='ocrx_word' id='word_1_265' title='bbox 238 3590 371 3642; x_wconf 71' lang='lat' dir='ltr'>motor</span> <span class='ocrx_word' id='word_1_266' title='bbox 382 3592 482 3644; x_wconf 79' lang='lat' dir='ltr'>orat-io:</span> <span class='ocrx_word' id='word_1_267' title='bbox 502 3591 609 3645; x_wconf 80' lang='lat' dir='ltr'>debebat</span> <span class='ocrx_word' id='word_1_268' title='bbox 620 3593 690 3646; x_wconf 80' lang='lat' dir='ltr'>enim</span> <span class='ocrx_word' id='word_1_269' title='bbox 706 3591 806 3646; x_wconf 83' lang='lat' dir='ltr'>reddes</span> <span class='ocrx_word' id='word_1_270' title='bbox 824 3591 905 3646; x_wconf 83' lang='lat' dir='ltr'>nobis</span> <span class='ocrx_word' id='word_1_271' title='bbox 924 3608 1028 3656; x_wconf 82' lang='lat' dir='ltr'>causas,</span> <span class='ocrx_word' id='word_1_272' title='bbox 1048 3589 1148 3660; x_wconf 82' lang='lat' dir='ltr'>quibus</span> <span class='ocrx_word' id='word_1_273' title='bbox 1160 3607 1220 3643; x_wconf 86' lang='lat' dir='ltr'>ma-</span> 
     </span>
     <span class='ocr_line' id='line_1_34' title="bbox 182 3674 1219 3747; baseline 0.004 -21"><span class='ocrx_word' id='word_1_274' title='bbox 182 3674 254 3728; x_wconf 84' lang='lat' dir='ltr'>xime</span> <span class='ocrx_word' id='word_1_275' title='bbox 271 3674 378 3746; x_wconf 79' lang='lat' dir='ltr'>placeat</span> <span class='ocrx_word' id='word_1_276' title='bbox 395 3675 447 3730; x_wconf 80' lang='lat' dir='ltr'>iste</span> <span class='ocrx_word' id='word_1_277' title='bbox 465 3676 627 3747; x_wconf 78' lang='lat' dir='ltr'>descripti03</span> <span class='ocrx_word' id='word_1_278' title='bbox 647 3682 676 3732; x_wconf 86' lang='lat' dir='ltr'>at</span> <span class='ocrx_word' id='word_1_279' title='bbox 695 3679 836 3732; x_wconf 61' lang='lat' dir='ltr'>inmersis</span> <span class='ocrx_word' id='word_1_280' title='bbox 853 3679 907 3732; x_wconf 71' lang='lat' dir='ltr'>illia</span> <span class='ocrx_word' id='word_1_281' title='bbox 919 3684 950 3732; x_wconf 93' lang='lat' dir='ltr'>ut</span> <span class='ocrx_word' id='word_1_282' title='bbox 961 3677 990 3731; x_wconf 92' lang='lat' dir='ltr'>in</span> <span class='ocrx_word' id='word_1_283' title='bbox 1003 3675 1145 3746; x_wconf 78' lang='lat' dir='ltr'>religionis</span> <span class='ocrx_word' id='word_1_284' title='bbox 1158 3674 1219 3746; x_wconf 80' lang='lat' dir='ltr'>lege</span> 
     </span>
     <span class='ocr_line' id='line_1_35' title="bbox 182 3760 1220 3834; baseline 0.002 -20"><span class='ocrx_word' id='word_1_285' title='bbox 182 3760 268 3814; x_wconf 84' lang='lat' dir='ltr'>fecisti</span> <span class='ocrx_word' id='word_1_286' title='bbox 286 3761 448 3816; x_wconf 77' lang='lat' dir='ltr'>coritiniiouit</span> <span class='ocrx_word' id='word_1_287' title='bbox 465 3763 609 3817; x_wconf 80' lang='lat' dir='ltr'>orationem</span> <span class='ocrx_word' id='word_1_288' title='bbox 627 3764 705 3834; x_wconf 65' lang='lat' dir='ltr'>quoe</span> <span class='ocrx_word' id='word_1_289' title='bbox 720 3769 782 3818; x_wconf 82' lang='lat' dir='ltr'>anto</span> <span class='ocrx_word' id='word_1_290' title='bbox 799 3781 851 3817; x_wconf 82' lang='lat' dir='ltr'>nco</span> <span class='ocrx_word' id='word_1_291' title='bbox 869 3763 969 3818; x_wconf 85' lang='lat' dir='ltr'>reddes</span> <span class='ocrx_word' id='word_1_292' title='bbox 987 3760 1067 3816; x_wconf 85' lang='lat' dir='ltr'>nobis</span> <span class='ocrx_word' id='word_1_293' title='bbox 1079 3763 1127 3815; x_wconf 77' lang='lat' dir='ltr'>eccs</span> <span class='ocrx_word' id='word_1_294' title='bbox 1137 3760 1220 3816; x_wconf 83' lang='lat' dir='ltr'>facies</span> 
     </span>
     <span class='ocr_line' id='line_1_36' title="bbox 181 3846 1220 3918; baseline 0.002 -18"><span class='ocrx_word' id='word_1_295' title='bbox 181 3847 321 3915; x_wconf 66' lang='lat' dir='ltr'>posuisset,</span> <span class='ocrx_word' id='word_1_296' title='bbox 348 3865 423 3918; x_wconf 75' lang='lat' dir='ltr'>qiiem</span> <span class='ocrx_word' id='word_1_297' title='bbox 444 3849 481 3901; x_wconf 81' lang='lat' dir='ltr'>ad</span> <span class='ocrx_word' id='word_1_298' title='bbox 502 3850 606 3902; x_wconf 78' lang='lat' dir='ltr'>modam</span> <span class='ocrx_word' id='word_1_299' title='bbox 630 3851 710 3904; x_wconf 79' lang='lat' dir='ltr'>etiam</span> <span class='ocrx_word' id='word_1_300' title='bbox 727 3849 841 3904; x_wconf 74' lang='lat' dir='ltr'>Marma</span> <span class='ocrx_word' id='word_1_301' title='bbox 858 3867 911 3904; x_wconf 80' lang='lat' dir='ltr'>nco</span> <span class='ocrx_word' id='word_1_302' title='bbox 928 3848 1042 3904; x_wconf 74' lang='lat' dir='ltr'>reddum</span> <span class='ocrx_word' id='word_1_303' title='bbox 1059 3849 1107 3902; x_wconf 81' lang='lat' dir='ltr'>scd</span> <span class='ocrx_word' id='word_1_304' title='bbox 1122 3846 1220 3902; x_wconf 77' lang='lat' dir='ltr'>seciam</span> 
     </span>
     <span class='ocr_line' id='line_1_37' title="bbox 181 3933 1220 4005; baseline 0.005 -20"><span class='ocrx_word' id='word_1_305' title='bbox 181 3933 327 4003; x_wconf 77' lang='lat' dir='ltr'>respondet,</span> <span class='ocrx_word' id='word_1_306' title='bbox 348 3934 486 4003; x_wconf 75' lang='lat' dir='ltr'>quodidie</span> <span class='ocrx_word' id='word_1_307' title='bbox 503 3933 612 3989; x_wconf 67' lang='lat' dir='ltr'>moute</span> <span class='ocrx_word' id='word_1_308' title='bbox 629 3935 715 3990; x_wconf 75' lang='lat' dir='ltr'>minio</span> <span class='ocrx_word' id='word_1_309' title='bbox 732 3941 824 4005; x_wconf 78' lang='lat' dir='ltr'>aptam</span> <span class='ocrx_word' id='word_1_310' title='bbox 840 3935 945 3990; x_wconf 71' lang='lat' dir='ltr'>uidetur</span> <span class='ocrx_word' id='word_1_311' title='bbox 1048 3950 1182 3988; x_wconf 82' lang='lat' dir='ltr'>maximae</span> <span class='ocrx_word' id='word_1_312' title='bbox 1192 3937 1220 3990; x_wconf 92' lang='grc' dir='ltr'><em>Β</em></span> 
     </span>
     <span class='ocr_line' id='line_1_38' title="bbox 182 4019 1220 4099; baseline 0.006 -27"><span class='ocrx_word' id='word_1_313' title='bbox 182 4021 334 4099; x_wconf 63' lang='lat' dir='ltr'>maximeA</span> <span class='ocrx_word' id='word_1_314' title='bbox 418 4021 448 4071; x_wconf 82' lang='lat'>15</span> <span class='ocrx_word' id='word_1_315' title='bbox 467 4019 668 4074; x_wconf 81' lang='lat' dir='ltr'>addoctissimis</span> <span class='ocrx_word' id='word_1_316' title='bbox 677 4023 705 4076; x_wconf 92' lang='grc' dir='ltr'><em>Β</em></span> <span class='ocrx_word' id='word_1_317' title='bbox 723 4019 924 4076; x_wconf 75' lang='lat' dir='ltr'>aidocrissimrl</span> <span class='ocrx_word' id='word_1_318' title='bbox 929 4024 958 4075; x_wconf 93' lang='lat' dir='ltr'><em>A</em></span> <span class='ocrx_word' id='word_1_319' title='bbox 1049 4022 1080 4072; x_wconf 83' lang='lat'>18</span> <span class='ocrx_word' id='word_1_320' title='bbox 1098 4019 1220 4091; x_wconf 87' lang='lat' dir='ltr'>adquiB</span> 
     </span>
    </p>
   </div>
   <div class='ocr_carea' id='block_1_6' title="bbox 236 4121 1221 4190">
    <p class='ocr_par' dir='ltr' id='par_1_12' title="bbox 236 4121 1221 4190">
     <span class='ocr_line' id='line_1_39' title="bbox 236 4121 1221 4190; baseline 0.004 -17"><span class='ocrx_word' id='word_1_321' title='bbox 236 4122 267 4173; x_wconf 80' lang='lat'>19</span> <span class='ocrx_word' id='word_1_322' title='bbox 285 4121 361 4190; x_wconf 87' lang='lat' dir='ltr'>quod</span> <span class='ocrx_word' id='word_1_323' title='bbox 378 4121 533 4178; x_wconf 81' lang='lat' dir='ltr'>laciendum</span> <span class='ocrx_word' id='word_1_324' title='bbox 551 4122 602 4177; x_wconf 83' lang='lat' dir='ltr'>suit</span> <span class='ocrx_word' id='word_1_325' title='bbox 624 4126 738 4178; x_wconf 76' lang='lat' dir='ltr'>Giutcrc</span> <span class='ocrx_word' id='word_1_326' title='bbox 756 4130 860 4178; x_wconf 82' lang='lat' dir='ltr'>auctore</span> <span class='ocrx_word' id='word_1_327' title='bbox 883 4125 990 4179; x_wconf 63' lang='lat' dir='ltr'>inchoet</span> <span class='ocrx_word' id='word_1_328' title='bbox 1007 4125 1148 4190; x_wconf 71' lang='lat' dir='ltr'>Basienis,</span> <span class='ocrx_word' id='word_1_329' title='bbox 1174 4125 1221 4178; x_wconf 75' lang='lat' dir='ltr'>sed</span> 
     </span>
    </p>
   </div>
   <div class='ocr_carea' id='block_1_7' title="bbox 0 0 1525 4710">
    <p class='ocr_par' dir='ltr' id='par_1_13' title="bbox 0 0 1525 4710">
     <span class='ocr_line' id='line_1_40' title="bbox 0 0 1525 4710; baseline 0 0"><span class='ocrx_word' id='word_1_330' title='bbox 0 0 1525 4710; x_wconf 95' lang='lat' dir='ltr'> </span> 
     </span>
    </p>
   </div>
  </div>
 </body>
</html>
