3018 4718
571 311 597 353 11
621 302 646 366 τ,
666 301 759 352 re-
785 301 809 366 a,
831 303 861 352 19
1189 293 1228 354 73

195 476 227 526 et
254 454 345 526 lodus
382 472 415 526 et
447 455 551 526 sermo
585 462 753 526 familiaris
783 473 844 540 est,
880 462 991 546 legum
1028 463 1116 546 leges
1150 485 1231 526 uoce

194 586 383 649 proponam.

259 670 421 735 QVINTVS.
469 669 636 734 Quidnam
657 668 692 732 id
714 667 783 732 est?

258 771 409 834 utmcvs.
458 771 543 834 Sunt
564 781 651 834 certa
672 771 783 854 legum
806 772 917 849 uerba,
950 771 1090 848 Quinte,
1124 793 1230 855 neque

194 875 240 936 ita
261 875 383 958 prisca,
414 884 453 936 ut
480 874 516 936 in
544 873 708 937 ueteribus
736 893 786 938 ΧΠ
816 875 1010 958 sacratisque
1032 874 1172 956 legibus,
1198 884 1230 936 et
1257 894 1270 934 5

195 988 315 1053 tamen,
340 999 404 1060 quo
414 969 494 1060 'plus
517 969 715 1045 auctoritatis
738 979 890 1054 habeant,
921 977 1019 1061 paulo
1049 977 1231 1060 antiquiora

195 1099 293 1161 quam
313 1079 368 1143 hic
390 1101 494 1143 sermo
517 1091 583 1144 est:
610 1101 684 1143 eum
706 1101 829 1144 morem
851 1081 951 1164 igitur
969 1102 1044 1144 cum
1058 1079 1228 1156 breuitate,

194 1183 222 1244 si
243 1195 397 1266 potuero,
433 1204 621 1266 consequar.
667 1183 757 1267 leges
779 1193 889 1246 autem
904 1206 923 1247 a
936 1205 989 1247 me
1006 1184 1143 1247 edentur
1163 1187 1231 1246 nou

193 1285 367 1368 perfectae,
391 1307 468 1348 nam
484 1297 569 1350 esset
583 1285 762 1362 infinitum,
788 1286 844 1348 sed
859 1286 948 1370 ipsae
964 1307 1110 1350 summae
1124 1307 1232 1348 rerum

194 1398 291 1470 atque
314 1389 505 1452 sententiae.
1039 1381 1041 1384 ¹
1245 1408 1270 1449 10

264 1492 427 1557 QVINTVS.
474 1493 524 1555 Ita
546 1514 624 1556 uero
647 1513 778 1556 necesse
802 1501 867 1568 est3
899 1513 963 1573 qua
989 1512 1024 1554 re
1047 1491 1228 1554 audiamus.

260 1595 410 1658 Marcus
458 1595 517 1658 Ad
539 1595 656 1658 diuos
679 1595 861 1658 adeunto
884 1603 1012 1670 caste,
1036 1595 1232 1677 pietatem

155 1547 178 1616 8

145 1642 182 1697 19

197 1851 224 1916 (”
243 1869 260 1904 α
279 1869 339 1904 coar
356 1851 453 1904 addet
471 1869 485 1905 e
504 1857 565 1904 uam
583 1869 600 1921 q
619 1872 632 1905 e
650 1856 717 1918 corr)
738 1855 764 1906 A
782 1868 954 1921 expromame
973 1849 1083 1920 quidem
1101 1849 1137 1913 B,
1162 1851 1232 1904 uada

192 1937 351 2006 iatelliqitur
369 1938 536 1990 correctionis
553 1939 622 1991 ratio
639 1939 668 1990 ia
686 1941 712 1989 A
784 1939 793 1988 ί
815 1937 889 2006 leges
903 1937 994 2006 legum
1006 1935 1232 2006 Motorum-leges

193 2023 305 2076 Halm-io
322 2023 411 2093 yloaaa
428 2023 539 2086 uidetur,
563 2024 610 2076 sed
626 2029 714 2076 tamea
731 2042 763 2076 eu
780 2016 839 2092 apsa
857 2041 886 2076 re
904 2024 973 2092 qaod
989 2042 1016 2077 ee
1034 2024 1167 2092 excipiunt
1183 2023 1232 2077 ltuc

192 2126 268 2162 uocet
281 2108 409 2178 patay‘c'ert'
424 2110 560 2179 scriptume
583 2110 724 2176 concilium,
740 2107 807 2162 mitt
829 2109 932 2178 quidem
955 2108 1073 2172 uidetur,
1104 2111 1174 2182 quod
1195 2111 1232 2163 st'c

185 2195 252 2263 sere
264 2195 351 2264 pocus
367 2195 453 2248 ueriti
468 2199 633 2264 'exprimam
653 2211 810 2266 expromam
823 2193 887 2246 istas
905 2193 982 2264 leges
1000 2196 1034 2250 de
1053 2194 1185 2265 religione
1204 2201 1233 2247 et
1262 2207 1263 2210 ’

192 2279 305 2350 quidem
324 2279 453 2350 quoniam
470 2279 546 2349 leges
565 2287 629 2334 sunt
644 2281 735 2350 legum
753 2296 821 2334 uoce
838 2275 1008 2352 proponam:
1033 2287 1059 2335 et
1075 2283 1112 2334 etc
1129 2281 1232 2350 saepius

190 2372 299 2436 praeter
317 2367 560 2428 necestitatemsed
582 2372 653 2420 certa
677 2360 780 2420 ratione
801 2368 856 2420 iam
879 2361 1029 2438 ciyuptcdta
1053 2373 1098 2421 aut
1121 2385 1163 2420 rec
1187 2371 1232 2418 aut

186 2469 306 2522 persona
330 2453 425 2506 iterium
450 2453 615 2523 decipiantur,
644 2453 715 2505 uelut
733 2471 786 2522 pro
811 2454 895 2507 Sestio
920 2454 962 2519 26,
984 2457 1016 2504 57
1040 2472 1088 2508 rex
1112 2452 1229 2516 amicus;

193 2539 225 2591 de
243 2543 310 2590 orat.
332 2539 352 2591 1
366 2539 409 2601 38,
426 2539 474 2590 175
493 2544 658 2592 testamento
677 2537 791 2591 exheres
810 2538 882 2592 filius
896 2545 958 2608 poet
975 2539 1063 2605 miles,
1083 2540 1130 2592 ubi
1142 2539 1189 2592 illo
1207 2545 1232 2592 et

190 2625 257 2689 αἰία,
281 2629 310 2676 ut
327 2641 379 2693 eqo.
392 2624 506 2677 arbitror
525 2625 697 2692 pessumdata
721 2624 852 2678 &corona
869 2625 994 2690 oratione,
1015 2644 1032 2679 α
1060 2626 1157 2678 criticis
1181 2627 1231 2677 tol-

192 2711 296 2772 lunum
325 2715 351 2762 et
373 2711 405 2762 de
428 2710 509 2763 diocia.
540 2711 563 2764 I
580 2711 628 2774 57,
646 2711 693 2761 129
722 2710 760 2762 sic
789 2709 873 2763 animi
907 2710 1063 2776 hominum,
1096 2727 1156 2764 cum
1186 2718 1232 2762 aut

192 2811 291 2848 somno
310 2793 393 2849 soluti
410 2802 509 2849 uacant
527 2812 639 2865 corpore
658 2804 705 2848 aut
722 2803 813 2849 mente
831 2796 947 2866 permoti
964 2813 1013 2866 per
1031 2813 1059 2849 se
1077 2795 1128 2866 ipsi
1146 2794 1231 2848 libere

191 2880 298 2935 incitati
315 2888 474 2946 mouentur,
499 2887 614 2934 cernunt
631 2899 672 2946 ea,
693 2898 762 2951 quae
780 2880 909 2951 permixti
922 2899 982 2935 cum
997 2898 1108 2952 corpore
1127 2880 1232 2934 animi

192 2964 287 3019 uidere
306 2982 363 3018 non
381 2973 506 3035 possunt,
525 2967 571 3020 uhi
587 2965 671 3020 animi
689 2969 751 3020 item
764 2972 828 3036 puto
839 2985 926 3037 praue
940 2969 1027 3021 deleri.
1049 2969 1142 3036 confer
1154 2965 1229 3020 Tuae.

194 3050 214 3101 I
231 3051 274 3115 28,
295 3053 343 3115 703
364 3053 396 3104 de
413 3051 470 3120 leqe
487 3053 598 3120 aquaria
611 3052 657 3104 ἸΙ
672 3055 696 3115 4,
718 3054 748 3118 9;
768 3054 843 3122 iufra
860 3054 899 3106 Η
914 3053 953 3117 19,
962 3054 994 3104 47
1058 3069 1125 3106 uoce
1144 3053 1232 3108 Hein-

193 3140 283 3192 etcmua
301 3153 397 3190 uocem
419 3137 502 3202 (uoce)
522 3141 582 3192 AB
687 3140 701 3188 3
721 3138 852 3208 quidnam
870 3137 899 3191 id
923 3139 984 3191 est?
1012 3137 1082 3192 Sunt
1102 3137 1232 3193 Victorias

194 3227 298 3312 quidni
315 3207 492 3294 1neii³i⁸iim
513 3237 546 3304 (rs
561 3242 590 3294 ia
607 3245 711 3306 rasura)
733 3243 760 3294 A
785 3241 889 3312 quidni
905 3206 1008 3312 messidi
1026 3240 1090 3295 sunt
1111 3239 1155 3306 ts&
1174 3260 1233 3296 corr.

193 3329 221 3381 ia
235 3324 287 3392 sed)
303 3326 331 3378 B
369 3327 423 3382 oar
434 3327 561 3382 Halmius
574 3327 705 3398 quidnam
722 3326 791 3382 istuc
809 3336 851 3382 est
867 3330 1003 3392 maluerit,
1020 3329 1121 3392 nescim
1142 3331 1234 3398 confer

193 3411 272 3464 Brut.
295 3414 319 3476 5,
341 3413 373 3464 20
469 3416 617 3482 ‹tqumcte
635 3412 663 3465 B
680 3429 776 3482 qumte
798 3417 836 3474 (re
853 3415 882 3467 ia
899 3419 1002 3481 rasura)
1024 3417 1051 3466 A
1151 3417 1166 3465 5
1187 3427 1232 3467 x11

197 3515 317 3569 mutim
329 3533 363 3568 ex
375 3514 419 3568 his
427 3518 456 3571 Β
509 3503 765 3586 esissacranl'q.i***
778 3514 888 3586 legibus
894 3520 921 3568 A
933 3519 981 3572 ced
992 3514 1017 3570 ss
1032 3537 1045 3570 e
1064 3536 1137 3580 corr,¹
1158 3518 1232 3570 uide-

194 3607 237 3654 tur
255 3598 376 3656 enrsacr.
388 3602 493 3671 sudem
509 3619 541 3672 tq.
562 3603 590 3655 ia
601 3603 662 3673 flue
679 3619 770 3656 tereus
788 3620 804 3654 a
823 3620 882 3655 corr
900 3604 972 3666 add,
983 3604 1012 3665 ia
1030 3604 1105 3656 siritio
1122 3621 1232 3672 sequun—
1334 3671 1335 3674 Ἴ

194 3688 227 3740 tia
246 3688 335 3750 litura,
355 3688 384 3740 ia
402 3705 453 3756 qua
471 3704 525 3757 que
534 3689 624 3757 suriae
641 3689 766 3758 suspicor.
794 3689 921 3743 Halmius
939 3689 1073 3742 aberrauit
1142 3690 1158 3738 6
1176 3704 1231 3756 quo

195 3807 254 3841 corr
272 3807 304 3843 ex
323 3787 361 3859 qd
378 3795 406 3844 A
424 3791 500 3860 quod
517 3791 682 3845 Horatianus
769 3765 916 3845 auctoniis
930 3795 959 3845 A
1064 3794 1231 3844 icomssss

195 3876 304 3943 morem!
323 3880 350 3928 A
368 3878 416 3930 sed
432 3883 543 3940 etcum,
567 3882 710 3930 correctum
727 3876 756 3930 ia
774 3877 847 3942 edm,
873 3883 899 3930 et
916 3893 1020 3930 morem
1038 3877 1067 3930 t'a
1086 3878 1139 3930 loco
1157 3895 1232 3929 eraso

246 3981 261 4030 8
278 3970 397 4048 puniero
414 3981 443 4031 A
460 3996 559 4049 potero
578 3981 606 4034 B
692 3977 762 4080 lepis
775 3997 834 4032 corr
853 3978 883 4034 es
896 3982 958 4035 AB
1039 3975 1153 4034 edentii
1169 3979 1233 4033 AB

266 4083 296 4132 12
315 4073 451 4153 adeiunto
470 4074 557 4152 castae
573 4081 674 4153 prduu'e
691 4057 832 4155 haieunro
849 4085 878 4138 B
896 4081 1032 4152 ade]unro
1045 4079 1119 4137 caste
1131 4080 1231 4153 prdcate
