3016 4714
679 349 821 416 1112,ao
1214 339 1255 406 87

208 509 361 573 liciorum
389 509 568 574 libamenta
590 519 761 574 seruentur
787 509 939 593 fetusque
968 529 1139 594 pecorum,
1172 531 1255 593 quae

212 611 300 674 dicta
320 611 357 674 in
379 611 453 695 lege
469 624 558 690 sunt,
583 613 756 698 diligenter
771 613 924 677 habenda
938 613 1028 702 ratio
1041 612 1254 678 intercalandi

212 724 279 790 est3
304 701 392 796 ¹quod
414 714 602 779 institutum
630 716 734 800 perite
756 737 775 780 a
796 715 908 780 Numa
929 715 1143 799 posteriorum
1164 735 1253 798 pon-

127 854 130 858 ·
209 817 340 880 tificum
361 817 571 901 neglegentia
593 818 790 884 dissolutum
812 828 871 882 est.
897 818 962 881 iam
985 817 1068 880 illud
1089 837 1130 882 ex
1152 817 1253 880 insti·
1327 805 1329 810 ⁵

209 919 293 984 tutis
308 919 501 1003 pontificum
523 931 555 984 et
577 922 764 1005 aruspicum
785 943 852 988 non
872 922 1065 984 mutandum
1089 929 1149 997 est,
1174 921 1279 1002 qui-5

212 1023 275 1086 bus
297 1022 413 1086 hostiis
440 1022 677 1110 immolandum
706 1024 853 1114 quoique
871 1023 958 1101 deo„
980 1023 1032 1087 oui
1062 1023 1250 1101 maioribus,

212 1126 268 1188 oui
287 1124 497 1203 laetentibus,
522 1126 576 1189 eui
597 1126 753 1204 maribus,
778 1126 831 1190 cui
852 1127 993 1190 feminis.
1019 1126 1127 1210 plures
1144 1135 1253 1190 autem

208 1229 349 1292 deorum
371 1228 530 1306 omnium,
556 1229 679 1313 singuli
702 1229 906 1312 singulorum
934 1230 1113 1294 sacerdotes
1137 1240 1169 1292 et
1195 1249 1252 1292 re-

154 1345 156 1348 ·
212 1330 397 1414 spondendi
418 1330 498 1395 iuris
521 1341 554 1395 et
575 1333 832 1397 confitendamm
847 1331 1043 1416 religionum
1064 1331 1252 1396 facultatem

209 1433 376 1498 adferunt.
402 1448 566 1518 quomque
581 1436 680 1523 Vesta
702 1435 795 1519 quasi
810 1436 920 1500 focum
942 1434 1044 1512 urbis,
1069 1445 1106 1498 ut
1120 1425 1249 1511 'Gracco
1263 1451 1288 1492 10

210 1537 346 1600 nomine
365 1539 418 1627 est
441 1537 618 1621 appellata,
651 1539 738 1622 quod
759 1559 819 1602 nos
841 1538 1051 1622 propeidem
1074 1535 1249 1615 Graecum,

210 1659 275 1701 noa
297 1639 543 1723 interpretatum
558 1661 679 1704 nomen
701 1651 862 1718 tenemus,
888 1639 1046 1723 conplexa
1062 1640 1115 1718 sit,
1140 1640 1170 1702 ei
1193 1661 1252 1702 co—

207 1741 330 1805 lendae
351 1741 496 1825 uirgines
518 1743 673 1827 praesint,
698 1753 736 1807 ut
758 1741 954 1828 aduigiletu'r
974 1742 1102 1807 facilius
1125 1743 1167 1804 ad
1189 1763 1252 1804 cu-
1299 1787 1301 1791 -

207 1841 352 1908 stodiam
379 1845 483 1928 ignis,
517 1855 549 1909 et
579 1847 721 1910 sentiant
750 1847 903 1910 mulieres
926 1847 961 1910 in
986 1845 1070 1924 illr‘o,
1101 1855 1251 1910 naturam

209 1946 410 2011 feminarum
433 1953 564 2012 ornnem
586 1949 766 2013 castitatem
788 1950 867 2033 pati.
1265 1965 1291 2006 1⁵

208 2134 364 2190 tectionem
382 2137 547 2192 Hermionae
642 2137 682 2192 ad'
695 2138 770 2209 quod
787 2145 894 2208 tempus
914 2137 1037 2208 ‘puidam’
1057 2137 1130 2206 opud
1149 2136 1252 2190 Turne-

210 2220 273 2274 cum
301 2221 376 2292 quod
400 2222 435 2275 ad
457 2229 564 2293 tempus
588 2224 625 2278 R.
645 2225 767 2278 Klotziuo
785 2222 859 2294 quod
881 2231 989 2294 tempus
1007 2223 1121 2278 Raram
1139 2223 1253 2292 explicet

183 2365 185 2370 ,
210 2305 289 2374 quod
307 2306 342 2360 ad
359 2313 466 2377 tempus
486 2309 583 2363 attinet
723 2311 738 2361 1.
756 2301 903 2364 libamenta
921 2309 1046 2364 editiones
1066 2307 1206 2363 liberante
1224 2310 1252 2364 B

208 2389 316 2447 libera*
335 2409 429 2448 mente
453 2395 501 2448 red
520 2411 535 2447 a
554 2399 578 2448 ot
595 2395 716 2447 adimam
735 2411 750 2448 e
768 2415 781 2450 e
800 2413 859 2450 corr
876 2398 903 2449 A
922 2394 1103 2448 liberamento
1120 2394 1251 2448 Heinsio-

205 2495 269 2542 πω,
290 2479 327 2548 es.
342 2497 373 2548 p.
390 2479 456 2544 tut
531 2479 685 2546 seruienrur
703 2482 730 2534 B
802 2479 944 2537 2abenda
961 2497 1022 2534 corr
1040 2478 1075 2534 he
1092 2481 1119 2531 A
1178 2496 1257 2533 mter·

209 2554 319 2616 calendi
337 2564 364 2616 A
434 2550 567 2634 3a1inum
586 2583 602 2618 a
619 2567 648 2620 B
717 2565 1037 2636 ponnficuseglelgenna
1054 2583 1115 2618 eorr
1132 2583 1163 2618 ea
1180 2581 1249 2635 pon·

206 2648 545 2726 rrfrcumeglelgenned
567 2651 621 2716 (aie)
677 2654 755 2706 Haec
773 2659 834 2707 ante
853 2656 1015 2706 correctore
1035 2649 1150 2705 Caesare
1158 2653 1251 2720 fastos

205 2735 310 2804 serapte
332 2751 389 2790 ease
410 2738 592 2791 Mornmaenus
616 2738 726 2791 adnotat
753 2737 916 2808 (Otrotmlop.
937 2747 970 2806 p.
983 2737 1050 2802 ¹42),
1078 2735 1108 2790 id
1127 2737 1197 2806 quod
1218 2753 1251 2789 ne

213 2837 363 2892 Turnacum
380 2839 485 2908 quidem
494 2840 573 2909 sapit
659 2841 675 2892 4
694 2826 831 2894 rnfnruril'
848 2837 882 2910 (rs
898 2857 958 2895 corr
974 2857 1007 2893 ex
1024 2841 1083 2892 uui
1095 2839 1206 2904 uidetur)
1222 2837 1249 2892 A

264 2939 325 2993 5&
343 2939 463 3012 arisprcr'r
482 2941 509 2994 Β
532 2941 681 3013 &aruspicii
699 2945 728 2996 A
745 2943 774 2996 in
791 2959 887 2997 rasura
1025 2907 1138 2995 choran
1153 2941 1180 2994 A

207 3017 302 3120 {uorsa
321 3046 350 3099 B
366 3020 476 3114 quoque
495 3047 521 3098 A
592 3047 606 3096 7
626 3019 750 3106 literne
770 3047 798 3099 B
876 3046 892 3096 8
910 3043 1012 3114 singuli
1030 3043 1067 3098 R.
1089 3043 1245 3114 Stephanae,

216 3147 351 3201 Tumebus
368 3145 483 3217 singulis
488 3147 543 3201 AB
619 3149 635 3199 9
653 3143 844 3202 confrrender'u
858 3149 912 3204 AB
930 3145 1159 3214 conficiendarum
1178 3147 1249 3202 dete-

208 3232 312 3287 riorum
320 3249 388 3298 unus
395 3239 419 3286 et
425 3234 500 3297 acer,
515 3233 585 3301 quod
592 3233 742 3304 Selefferua
753 3233 791 3286 ita
800 3233 905 3304 probat,
920 3239 949 3287 ut
960 3232 1092 3288 conficere
1105 3231 1249 3304 religiones

211 3318 280 3372 idem
292 3319 328 3372 eit
339 3319 409 3389 quod
420 3335 497 3372 caera
509 3319 654 3384 conficere,
671 3324 696 3372 et
710 3319 758 3372 loo
770 3319 873 3389 quidem
886 3319 988 3390 saepius
1005 3319 1098 3390 beqitor
1119 3321 1165 3385 (od
1172 3321 1246 3389 som.
1356 3365 1358 3371 ,

150 3453 153 3460 .
211 3403 303 3458 XIII
315 3406 355 3473 11,
367 3405 378 3455 1
391 3427 397 3470 3
412 3423 466 3475 pro
477 3405 564 3460 Balbo
577 3407 619 3470 24,
630 3407 683 3470 55),
704 3403 837 3460 conficere
850 3405 996 3475 religiones
1008 3424 1061 3462 noo
1073 3403 1190 3470 memini,
1204 3405 1251 3459 aed

204 3492 326 3557 fortasse
343 3509 397 3545 non
414 3492 479 3546 eata
497 3491 600 3546 attendi
604 3511 613 3555 ,·
633 3490 848 3560 profitendarum
866 3490 1116 3556 conieceram‘olim,
1135 3492 1165 3544 in·
1182 3509 1247 3544 ean-

209 3575 319 3647 demque
347 3578 478 3630 notionem
500 3592 579 3646 posse
602 3575 820 3631 confitendarum
844 3575 930 3647 occepi
949 3576 979 3630 J.
999 3577 1043 3630 M.
1066 3579 1202 3631 omerus
1221 3576 1249 3629 ia

215 3679 347 3736 sseeauro
365 3679 539 3734 adnotaaerat
590 3645 704 3750 rehgronir
723 3681 751 3734 B
822 3682 853 3732 10
872 3679 965 3750 Cirque
988 3676 1035 3745 (co
1053 3679 1082 3732 in
1099 3673 1203 3742 reuera)
1221 3677 1269 3734 Α

209 3767 268 3835 ciro,
287 3765 316 3820 B
385 3766 539 3834 grecoAB
616 3766 644 3816 11
666 3768 746 3834 greci
764 3768 793 3820 B
897 3766 928 3817 12
947 3774 1003 3820 non
1021 3763 1076 3818 add
1093 3763 1249 3819 demtionem
1302 3767 1305 3771 '

206 3850 292 3920 pauci
359 3849 500 3920 complexa
521 3849 655 3905 Turnebus
673 3852 808 3921 conspexa
824 3854 886 3908 AB
957 3853 989 3903 14
1007 3850 1129 3904 fenerant
1150 3854 1172 3916 (e
1190 3867 1250 3904 corr

209 3936 241 3988 ἐκ
258 3938 281 3996 τ)
293 3935 318 3987 A
371 3935 425 3989 illis
443 3935 538 3989 addidi
581 3934 673 4004 casser
687 3955 739 4006 pro
756 3939 845 3992 Maro.
868 3938 917 4002 1,3
936 3931 1106 3990 intellectum
1124 3943 1165 3990 est
1182 3935 1251 3990 milri

209 4020 241 4074 in
259 4020 352 4074 multis
370 4029 398 4076 et
415 4037 541 4075 maxume
558 4021 587 4076 in
605 4039 649 4074 me
667 4021 726 4091 ipso
843 4021 970 4076 muheres
986 4024 1118 4076 rnnaruri
1134 4023 1161 4075 A
1188 4037 1249 4075 mu·

208 4122 293 4178 lieres
309 4111 441 4178 rnnaruri
462 4125 528 4194 (suit
544 4127 583 4189 ra)
604 4126 632 4180 Β
651 4123 777 4178 mulieres
795 4133 923 4180 naturam
940 4125 1107 4180 Ascmsiana·
