2990 4720
219 331 259 394 28
576 342 656 404 111,
675 340 706 390 32
732 365 768 376 -
797 340 840 404 33,
859 337 891 389 33

216 500 310 575 elios,
336 500 454 563 idcirco
476 501 534 583 qui
556 521 669 564 333333
693 510 724 564 31
746 499 864 563 faelem
886 510 923 562 ut
946 499 1023 562 deos
1039 497 1162 574 colunt,
1187 521 1254 561 non

219 604 331 667 eedem
361 603 590 686 superstitione
618 624 682 686 qua
718 613 842 666 ceterae
869 613 983 685 gentes
1013 601 1252 666 conflictantur.

218 727 300 790 quse
323 716 432 770 autem
454 706 543 770 notio
572 727 641 770 non
670 707 870 782 comitatem,
907 727 974 768 non
1002 705 1251 790 benignitatem,

218 830 285 871 non
318 819 447 892 gratum
481 811 627 872 animum
661 819 693 873 et
725 808 877 873 beneficii
910 829 1086 872 memorem
1126 806 1253 890 diligit?

190 931 301 994 equae
331 913 504 994 superbos,
536 933 619 995 quae
646 912 827 988 3331311333,
859 934 942 995 quoe
971 912 1134 988 crudeleS,
1171 931 1254 994 quae

218 1014 361 1096 ingratos
391 1036 459 1078 non
487 1026 692 1099 espemetur,
721 1037 788 1079 non
818 1013 906 1079 odit?
952 1016 1071 1099 quibus
1095 1037 1135 1078 ex
1157 1015 1254 1077 rebus

220 1138 294 1180 oum
315 1138 410 1180 omne
433 1137 538 1200 genus
560 1119 729 1182 hominum
752 1117 910 1182 sociatum
939 1119 1024 1182 inter
1047 1141 1080 1182 33
1104 1139 1173 1182 3333
1196 1117 1254 1179 in-

220 1219 409 1303 tellegetur,
444 1219 528 1284 illud
561 1230 743 1286 extremum
776 1231 842 1298 est,
879 1222 966 1304 quod
999 1231 1083 1285 recte
1117 1219 1254 1284 uiuendi

219 1322 300 1385 ratio
327 1323 476 1386 meliores
506 1322 615 1387 3111311.
662 1345 746 1407 quae
776 1325 803 1388 si
826 1324 1027 1408 adprobetis,
1059 1343 1191 1408 pergam
1214 1323 1254 1386 ad

182 1443 210 1484 ¹10
224 1424 365 1507 relique:
393 1426 444 1489 sin
467 1427 546 1509 quid
568 1426 742 1508 requiritis
767 1427 802 1489 id
824 1427 1024 1511 explicemus
1046 1426 1146 1509 prius.

284 1529 438 1593 Auulovs.
487 1529 556 1593 Nos
585 1550 662 1593 uero
685 1529 785 1606 nihil,
817 1540 853 1593 ut
875 1552 932 1614 pm
954 1541 1092 1612 ¹utroque
1116 1550 1255 1611 respon-

219 1630 324 1695 deam.
1265 1679 1306 1746 12

284 1735 433 1799 Msncvs
484 1734 637 1818 Sequitur
664 1735 766 1819 igitur
795 1736 836 1798 ad
865 1735 1126 1819 participandum
1152 1735 1254 1798 alium
1265 1774 1302 1830 33

220 1835 283 1899 elio
313 1839 683 1921 communicandumque
713 1839 798 1902 inter
827 1859 939 1902 omnes
969 1837 1020 1900 ius
1050 1860 1109 1901 nos
1139 1849 1255 1901 natura

184 1957 210 1998 33
224 1961 293 2002 3333
316 1939 428 2004 factos
476 1951 572 2022 atque
602 1941 664 2005 hoc
690 1942 726 2004 in
756 1941 846 2006 omni
871 1941 932 2004 hac
961 1939 1180 2025 disputatione
1210 1941 1256 2003 sio

220 2042 368 2125 intellegi
398 2042 490 2120 uolo,
523 2044 610 2125 quod
638 2044 743 2108 dicem
765 2055 915 2108 naturam
939 2069 985 2102 *i
1010 2064 1098 2120 esse,
1133 2053 1256 2106 tantam

277 2249 286 2298 l
308 2247 406 2302 faelem
423 2253 448 2304 Α
467 2248 548 2302 telem
566 2251 594 2304 Β
684 2250 698 2300 2
718 2223 857 2321 1331311333
874 2253 900 2303 Α
987 2265 1078 2304 cetera
1097 2265 1156 2301 corr
1174 2263 1210 2302 rae
1230 2250 1258 2302 Β

274 2353 288 2402 3
308 2325 486 2429 qiomnatem
505 2355 533 2406 Β
551 2369 711 2406 comitatem
732 2356 780 2415 (333
798 2353 826 2405 in
844 2355 948 2415 rasura)
969 2357 997 2408 Α
1068 2351 1211 2420 benigmte
1230 2354 1258 2406 B

273 2458 288 2506 tl
307 2429 441 2524 benefieiis
456 2457 484 2510 B
501 2454 627 2510 1333313333
643 2456 691 2508 sed
707 2473 716 2507 1
734 2457 854 2509 ultimum
871 2475 888 2524 e¹
903 2472 963 2510 corr
979 2459 1004 2509 Α
1081 2454 1180 2524 diliget
1198 2471 1259 2509 3333·

221 2558 264 2610 gn
281 2544 340 2597 ΑΒ
410 2543 425 2592 5
444 2556 496 2609 que
515 2540 578 2594 3331.
599 2557 651 2610 que
670 2541 745 2594 crud.
766 2557 819 2610 que
837 2541 884 2594 scd
901 2546 941 2594 ter
958 2556 1010 2619 que
1030 2559 1090 2594 cori·
1107 2541 1134 2592 Β
1187 2558 1255 2610 quse

222 2626 359 2680 maleficos
377 2642 483 2679 3333333
501 2625 726 2695 Rmsferscleidio
745 2627 812 2680 delet
829 2627 965 2692 Baitcins
986 2644 1039 2680 non
1057 2633 1132 2690 reete,
1154 2627 1179 2681 si
1195 2629 1255 2698 qni·

220 2713 280 2766 dein
303 2712 351 2764 1333
369 2709 535 2782 potissimum
558 2714 696 2782 respondet
717 2711 893 2781 benignitati,
922 2729 987 2782 qnae
1012 2718 1050 2766 est
1073 2713 1129 2782 ipso
1153 2720 1258 2766 anctore

224 2799 346 2852 Cicerone
363 2798 454 2850 endem
472 2814 530 2848 3333
551 2797 745 2852 beneficentio:
777 2816 858 2869 neque
881 2797 960 2852 nimis
982 2799 1010 2852 in
1034 2799 1146 2865 alterans
1169 2805 1257 2852 utram

216 2889 324 2953 partem
342 2883 525 2936 consulendum
544 2889 582 2936 est
599 2883 778 2948 concinnitati,
798 2901 876 2954 qsiam
893 2902 926 2936 nc
943 2889 1069 2937 sectatum
1087 2884 1190 2954 qtcidem
1203 2903 1257 2939 csse

226 2969 376 3024 Os'ceronem
403 2974 513 3038 apparet
651 2971 665 3020 7
694 2971 797 3023 sonent
816 2974 841 3024 Α
980 2969 1141 3024 9333113333
1154 2973 1257 3024 'omnes

223 3054 464 3126 Reiffersoieidius,
490 3072 539 3124 qno
562 3073 614 3110 non
631 3057 717 3126 niaqis
734 3073 798 3126 cpns
816 3073 869 3109 esse
891 3061 954 3124 puto
978 3073 1057 3125 quant
1081 3057 1181 3110 adiecto
1206 3055 1258 3109 ho-

222 3140 325 3203 3313333
353 3141 390 3194 sic
413 3142 483 3194 enim
507 3141 611 3206 scribit,
640 3143 719 3210 qtiosi
745 3159 797 3194 non
827 3157 907 3194 omne
937 3157 1023 3210 genus
1047 3141 1190 3194 hominum
1213 3144 1260 3196 ssd

223 3225 292 3294 qiiod
313 3226 382 3278 idem
405 3231 444 3280 est
467 3243 561 3280 omnes
584 3225 710 3280 homines
728 3227 912 3296 praecessisset
1005 3227 1081 3296 qussi
1104 3227 1261 3298 odpbsnres

221 3316 350 3365 mntctnm
367 3311 396 3364 in
414 3328 483 3380 quse
502 3311 523 3363 13
541 3311 673 3380 sppbsnl
689 3314 716 3366 B
733 3329 802 3390 que*
821 3313 842 3364 13
860 3312 1021 3382 approbans
1048 3318 1071 3391 (e
1095 3319 1120 3366 et
1142 3313 1180 3367 nl
1200 3332 1260 3366 3333

220 3399 249 3450 in
261 3413 374 3460 rasnrn5
394 3397 473 3450 etiam
485 3413 503 3467 p
517 3399 597 3467 psius
614 3403 756 3450 correctum
773 3398 884 3460 uidetur]
900 3401 927 3452 A
979 3403 1081 3469 pergis*
1099 3398 1135 3452 ad
1147 3406 1260 3468 praeter

221 3483 286 3552 gin
303 3484 384 3536 litura
402 3485 429 3538 Α
510 3499 655 3553 pergemus
673 3484 777 3538 Baitios
864 3484 893 3535 11
914 3500 947 3536 33
963 3484 992 3537 in
1009 3502 1104 3538 rasura
1123 3501 1183 3539 3333·
1200 3486 1260 3540 AB

278 3587 307 3637 13
327 3583 409 3638 313333
428 3584 483 3640 3133
495 3591 522 3640 Α
539 3585 622 3639 ehmn
640 3584 674 3656 el)
693 3585 748 3639 3133
764 3588 793 3640 Β
877 3587 908 3637 14
920 3579 1219 3657 comunicandumquie
1232 3589 1260 3644 Β

274 3654 355 3744 33331ο
365 3692 393 3743 Α
473 3688 516 3742 ius
534 3707 584 3744 nos
601 3688 731 3744 Danisius
748 3687 836 3740 331331
851 3689 913 3742 ΑΒ
953 3708 955 3713 ·
1002 3690 1165 3760 lisoiensis
1184 3693 1260 3761 etqui

275 3793 306 3829 ac
324 3793 384 3829 corr
402 3774 452 3828 hso
470 3777 498 3830 B
603 3777 634 3826 16
652 3792 773 3828 33333333
790 3789 845 3827 esse
863 3775 1007 3828 orationem
1025 3774 1120 3840 indico,
1141 3794 1207 3846 quoe
1225 3779 1262 3831 sic

213 3863 280 3932 sere
297 3861 477 3930 redinteqrari
491 3861 614 3916 3313133133
637 3860 713 3930 etqui
731 3857 828 3912 hocin
848 3859 923 3913 omni
940 3860 992 3914 hso
1015 3860 1200 3932 disputatione
1223 3863 1261 3916 sic

223 3945 348 4016 intellegi
374 3946 455 4013 uolo,
480 3945 556 4015 quod
580 3945 669 3999 dicem
693 3952 819 3998 naturam
843 3943 1017 4015 (ingenitum
1045 3946 1157 4017 quidem
1181 3947 1262 4002 nobis

224 4033 332 4098 netum)
357 4049 430 4097 esse,
456 4035 561 4084 tentem
585 4036 677 4086 sutem
695 4046 753 4084 esse
771 4029 953 4101 corruptelam
970 4037 1017 4086 en.
1125 4033 1168 4088 ius
1186 4035 1261 4104 quod

223 4117 313 4172 (licem
340 4125 438 4172 natura
463 4133 521 4170 esse
548 4133 580 4170 cs
605 4115 712 4170 Peorcii
736 4116 783 4186 qni
806 4115 848 4170 ius
875 4117 980 4170 addidit
1006 4124 1031 4172 et
1058 4119 1174 4174 Turncbi
1202 4123 1262 4182 (non
