3018 4718
270 312 312 373 60
737 327 763 368 11
785 316 844 381 2,5

270 480 332 544 loci
355 479 504 564 patriam,
530 478 662 542 alteram
684 478 776 556 iuria,
800 489 839 539 ut
852 475 955 538 uestri
969 474 1085 550 Attici,
1109 474 1316 556 priusquam

271 583 418 645 Theseus
441 603 495 646 eos
518 582 698 663 demigrare
726 601 767 644 ex
796 580 880 662 agris
904 578 994 640 etin
1016 588 1107 652 astu,
1140 575 1227 658 quod
1250 596 1316 658 ap-

272 685 430 769 pellatur,
466 685 571 747 omnis
603 705 636 746 se
665 683 812 746 conferre
845 683 901 763 [se]
934 681 1047 756 iussit,
1084 689 1118 741 et
1147 679 1199 741 sui
1222 688 1316 740 erant

273 789 359 852 idem
382 799 415 850 ct
436 787 555 864 Attici,
588 786 634 848 sic
664 807 725 848 nos
747 797 780 848 et
802 807 874 848 eam
896 783 1034 866 patriam
1057 782 1224 857 ducimus,
1254 781 1315 845 ubi

248 891 355 967 anati,
380 889 538 965 atillam,
570 911 591 949 a
620 910 684 972 quo
711 886 832 970 excepti
861 907 984 948 sumus.
1032 885 1089 948 sed
1110 904 1243 946 necesse
1265 892 1318 944 eat

274 994 404 1056 caritate
435 1013 506 1054 eam
534 1001 713 1072 praestare,
746 1011 811 1072 qua
838 989 886 1052 rei
914 988 1064 1071 publicae
1090 1007 1211 1050 nomen
1232 987 1316 1048 uni—

273 1115 387 1157 uersae
421 1092 563 1156 ciuitatis
597 1103 668 1169 est,
703 1113 761 1176 pro
795 1113 860 1174 qua
891 1091 975 1153 mori
1004 1101 1037 1152 et
1065 1089 1119 1152 cui
1147 1098 1316 1151 uastatos

274 1197 391 1258 dedere
414 1197 503 1258 etin
526 1217 590 1277 qua
611 1205 722 1258 nostra
743 1195 853 1258 omnia
875 1213 996 1276 ponere
1018 1203 1052 1255 et
1079 1192 1172 1273 quasi
1194 1212 1317 1254 conse-

275 1319 363 1360 crare
387 1299 553 1361 debemus.
600 1297 705 1360 dulcis
728 1307 837 1360 autem
859 1317 928 1359 nan
948 1295 1053 1358 multo
1076 1315 1169 1358 secus
1192 1304 1240 1356 est
1263 1315 1314 1370 ea,

239 1421 361 1482 requae
382 1401 510 1484 genuit,
535 1422 632 1483 quam
653 1399 722 1477 illa,
747 1421 831 1482 quac
845 1399 983 1482 excepit.
1029 1397 1140 1478 itaque
1156 1417 1215 1478 ega
1230 1395 1318 1458 hanc

279 1523 385 1566 meam
408 1524 478 1566 csse
500 1505 638 1586 patriam
660 1524 791 1586 prorsus
805 1522 985 1584 numquam
1000 1500 1141 1582 negabo,
1165 1500 1244 1561 dum
1259 1497 1319 1560 illa

276 1606 319 1668 sit
340 1606 454 1682 maior,
479 1606 559 1669 haec
580 1607 616 1668 in
639 1627 677 1668 ea
700 1605 904 1668 contineatur
927 1629 945 1661 a
963 1629 982 1660 a
997 1603 1097 1665 habet
1118 1601 1260 1664 ciuitatis
1283 1610 1320 1662 et

275 1729 375 1770 unam
397 1709 487 1771 illam
510 1707 676 1772 ciuitatem
698 1717 803 1791 putat.

276 1979 394 2016 crurtare
417 1967 494 2017 roma
511 1963 555 2016 sed
572 1980 633 2017 corr
650 1970 767 2016 erurrate
784 1969 812 2018 A
899 1964 914 2013 2
933 1979 981 2015 eos
1002 1959 1153 2030 demigrare
1171 1958 1315 2013 Manutius

277 2048 407 2114 eosfidem
424 2065 543 2117 mrgrare
562 2052 590 2103 Β
608 2048 687 2102 eosde
705 2065 823 2118 m1grare
840 2053 868 2102 A
937 2047 1074 2118 apellatur
1091 2047 1118 2100 B
1194 2043 1322 2098 domnis

275 2133 302 2186 se
322 2133 448 2188 conferre
467 2134 494 2187 se
513 2135 592 2188 iussit
605 2136 671 2198 AB,
693 2136 804 2188 alterum
821 2140 909 2187 atnam
927 2151 956 2186 se
968 2151 1010 2186 om
1023 2133 1172 2195 doteriores,
1192 2129 1319 2184 editiones

329 2228 356 2271 et
373 2218 451 2272 Sunii
469 2227 548 2274 erant
565 2219 648 2272 iidem
667 2229 695 2274 et
713 2217 798 2272 Attici
815 2218 851 2272 Β.
874 2219 1024 2288 Stephanus
1042 2226 1070 2272 et
1088 2217 1129 2270 aui
1148 2225 1227 2271 erant
1243 2215 1318 2269 idem

275 2314 304 2357 et
319 2304 405 2358 Attici
429 2304 590 2374 Madrn'yiua
619 2307 687 2374 opp.
707 2304 749 2355 II
765 2306 813 2356 146
841 2303 867 2356 &
884 2305 1030 2374 tymfrann
1054 2303 1180 2356 demeret
1202 2303 1268 2354 nors
1289 2303 1318 2354 Β
1350 2301 1365 2371 J

277 2389 302 2440 u
321 2389 550 2444 srmfnranudem
569 2389 702 2443 &arnus
721 2389 790 2458 [fuit
806 2396 835 2443 ut
854 2390 960 2443 uidetur
978 2389 1128 2452 simferanr)
1150 2394 1178 2443 A
1218 2419 1222 2427 ·

275 2475 338 2526 4&
355 2481 416 2528 ante
434 2493 494 2529 eam
512 2475 540 2528 a'n
559 2493 655 2530 raaura
673 2477 701 2528 Β
806 2478 901 2530 5nar1
923 2473 1015 2528 sumus
1031 2477 1092 2528 AB
1196 2480 1223 2526 et
1240 2471 1315 2526 illam

275 2595 328 2648 qua
341 2578 447 2648 excepti
459 2577 550 2630 addita
563 2577 591 2631 in
603 2576 781 2642 arenarum,
802 2595 818 2631 a
836 2595 888 2646 qua
906 2577 1010 2632 Boka'aen
1098 2579 1114 2628 6
1132 2569 1274 2644 carituram
1289 2577 1318 2630 Β

276 2667 395 2734 cannati
413 2685 440 2734 A
553 2681 675 2750 prestare
693 2682 722 2734 B
816 2667 870 2749 qud
890 2679 954 2748 tfnr't
971 2684 1032 2749 qua)
1054 2684 1081 2733 A
1099 2697 1113 2732 e
1132 2697 1187 2749 qua
1204 2678 1318 2732 Modai-

273 2768 336 2834 or'ua
362 2767 474 2820 Emend.
489 2785 522 2848 p.
538 2771 566 2817 61
641 2768 730 2835 iqua
748 2783 835 2819 amau
852 2772 983 2820 munitum
1001 2766 1031 2816 in
1048 2781 1203 2834 quamam
1221 2766 1283 2818 AB

277 2853 293 2902 8
313 2851 405 2905 sedere
423 2870 482 2906 corr
500 2851 599 2906 dedere
612 2854 671 2905 AB
763 2869 890 2921 ponere*
913 2851 1025 2916 (uidetur
1041 2865 1160 2922 ponerer
1171 2848 1270 2918 suinae)
1287 2853 1315 2902 A

329 2921 440 3009 uduirf
454 2961 482 3010 A
500 2921 590 3030 dudcrs
605 2957 633 3011 Β
697 2951 774 3008 secus
777 2961 838 3007 *re
861 2955 926 3024 (suit
943 2954 1053 3006 securus
1069 2957 1090 3016 e)
1112 2958 1139 3007 A
1200 2967 1241 3004 aea
1259 2969 1319 3006 corr

277 3059 347 3111 eaB
402 3061 432 3109 10
451 3064 650 3130 quegenurrA
707 3060 734 3110 ll
755 3032 856 3127 prorsus
872 3058 932 3111 AB
985 3044 1094 3126 itaqua
1112 3056 1320 3124 AnumquaB

277 3145 325 3196 aad
343 3162 358 3194 u
379 3145 407 3196 in
426 3162 522 3198 rasura
540 3146 619 3197 trium
644 3145 800 3207 litterarum,
826 3161 891 3212 quaa
915 3161 968 3196 eoae
992 3159 1048 3196 non
1067 3147 1209 3212 poterant;
1226 3141 1320 3210 fuitne

279 3245 334 3281 non
362 3245 507 3298 umquam,
537 3231 566 3282 td
594 3231 664 3298 qnod
697 3227 818 3282 Ciceroni
845 3247 897 3280 non
925 3229 1010 3298 mayn
1039 3229 1240 3280 adiudicandum
1270 3232 1317 3290 eat,

279 3331 359 3382 qnam
376 3319 422 3366 aut
440 3330 496 3366 non
520 3331 635 3382 usquam
661 3314 746 3377 (Tuae.
775 3313 802 3366 V
822 3317 847 3375 9,
876 3316 909 3364 24
929 3330 990 3375 ¹non
1015 3329 1130 3382 usquam
1155 3313 1184 3366 id
1208 3313 1319 3382 quidem

280 3398 346 3452 dicit
364 3398 485 3463 omnino)
507 3405 626 3452 autnon
644 3399 726 3463 ullus,
746 3399 817 3452 curin
830 3417 919 3468 pauco
937 3399 985 3451 aed
1002 3405 1073 3451 certa
1096 3401 1216 3469 exemplu
1234 3401 1321 3452 Mad-

279 3485 364 3554 ua'yr'ua
382 3485 414 3537 de
427 3487 484 3553 fin.
510 3486 564 3538 HI
579 3487 619 3549 ¹5,
641 3487 672 3536 50
687 3485 845 3554 personarit
923 3483 970 3536 rlla
987 3485 1024 3538 sir
1042 3486 1103 3539 AB
1127 3484 1162 3537 ait
1180 3483 1227 3538 illa
1244 3487 1321 3538 Hat-

279 3571 346 3624 rnr'ua
365 3587 454 3624 erroro
526 3571 557 3621 12
575 3569 642 3624 haec
659 3587 726 3624 unua
744 3575 768 3622 et
786 3571 854 3622 alter
872 3571 1029 3622 deteriorum
1047 3568 1093 3622 sed
1105 3570 1134 3622 Β
1149 3569 1175 3621 dc
1186 3575 1213 3624 A
1231 3571 1322 3623 Hein-

279 3657 370 3709 n'anua
505 3657 631 3710 clareatis
647 3655 672 3709 &
690 3671 772 3708 unam
791 3653 865 3708 rllam
884 3655 944 3708 AB
962 3653 1085 3708 ciuitates
1105 3656 1173 3709 duas
1191 3655 1241 3708 sed
1258 3653 1321 3708 illas

281 3758 364 3794 unam
386 3741 439 3806 (cia)
460 3743 585 3797 editiones
603 3743 743 3796 nonnullae
760 3740 913 3794 uetuetaorea
931 3740 1012 3793 uoluti
1027 3742 1200 3803 Aacenai'ona,
1225 3741 1320 3795 Carne-

279 3829 357 3892 ron'a',
377 3829 424 3881 aad
440 3829 469 3881 a'n
485 3830 616 3898 pleraeque
634 3830 789 3881 omittuntur
805 3827 868 3879 daeo
885 3825 969 3879 habet
989 3867 994 3880 .
1015 3868 1020 3878 .
1041 3835 1134 3896 putat,
1161 3843 1228 3895 quoae
1245 3826 1322 3879 hodie

270 3916 338 3982 fere
353 3931 405 3984 pro
421 3915 575 3984 yloaaemate
592 3913 734 3966 habentur:
759 3914 806 3966 aad
816 3913 903 3982 potuit
911 3910 983 3983 fieri
998 3917 1027 3964 ut
1044 3913 1234 3974 interciderint,
1262 3913 1322 3981 qui*

280 4001 327 4052 bua
345 3999 393 4052 illa
411 3999 585 4069 auperaoribua
603 4000 821 4060 adnectebantur,
848 3999 918 4050 uelut
942 3997 1127 4052 contineatur:
1161 3999 1200 4064 (et
1224 3997 1322 4051 eodem

280 4083 363 4138 modo
383 4083 471 4137 omnia
488 4083 628 4154 municeps
646 4084 714 4138 duas
732 4091 764 4136 ut
788 4083 855 4136 mihi
877 4083 998 4150 uidetur)
1027 4083 1112 4138 habet
1135 4083 1255 4138 ciuiuus
1280 4091 1324 4138 aet
