3016 4714
607 317 634 361 11
659 305 837 381 reio-[41
1192 303 1232 366 97

197 465 301 548 priam
323 467 439 532 Idaeae
455 469 569 532 Matris
592 469 798 554 excepimus;
828 470 942 554 implet
964 471 1052 536 enim
1074 473 1233 555 supersti-

198 568 287 632 tione
309 569 435 634 animos
463 582 495 634 et
517 571 667 636 exhaurit
688 573 814 636 domus.

11 639 13 736 l
263 672 427 758 Sacrilego
448 696 555 758 poena
576 685 637 751 est,
660 696 767 758 neque
789 675 820 738 ei
843 675 917 752 soli,
942 677 998 758 qui
1014 699 1139 740 suerum
1153 677 1232 742 abs-

140 785 183 840 41
195 775 317 853 tulerit,
350 778 407 840 sed
430 777 527 842 etiem
549 777 591 854 ei,
617 777 673 861 qui
689 800 777 842 sacro
797 781 1076 856 commendatum
1093 781 1180 863 quod
1200 789 1233 844 et

196 900 286 942 nune
307 879 420 942 multis
442 881 480 944 fit
501 881 537 942 iii
558 879 655 958 fanis,
680 889 711 944 et
731 881 918 946 Alexander
939 881 1105 946 incilicia
1127 883 1257 966 depo-⁶

197 982 301 1044 suisse
331 983 420 1066 apud
449 983 593 1048 Solensis
625 983 662 1046 in
691 983 826 1047 delubro
854 986 1026 1068 pecuniam
1061 985 1179 1050 dicitur
1200 995 1233 1050 et

195 1084 409 1148 Atheniensis
438 1084 622 1149 Clisthenes
645 1087 766 1150 Iunoni
788 1088 933 1165 Samiae,
965 1089 1046 1152 einis
1069 1087 1229 1172 egregius,

194 1207 295 1269 quom
317 1189 414 1250 rebus
437 1188 565 1252 timeret
586 1189 666 1266 suis,
689 1189 832 1254 filiarum
853 1190 938 1254 dotis
960 1191 1143 1255 credidisse.

201 1329 206 1336 ·
262 1290 332 1353 Iam
354 1292 394 1354 de
416 1291 577 1374 periuriis,
602 1293 643 1355 de
664 1292 788 1357 incesto
810 1293 895 1355 nihil
917 1315 995 1358 sane
1016 1294 1078 1358 hoe
1101 1295 1232 1378 quidem

194 1391 267 1454 loeo
289 1393 524 1476 disputandum
546 1405 606 1458 est.
1245 1426 1270 1468 10

262 1495 366 1558 Douis
387 1496 482 1579 impii
504 1517 547 1560 ne
568 1495 695 1580 placare
710 1498 852 1561 audeant
874 1498 961 1577 deos,
986 1498 1156 1562 Platonem
1171 1521 1229 1562 au·

195 1597 299 1674 diunt,
324 1599 380 1681 qui
401 1609 492 1663 uetat
514 1600 674 1676 dubitare,
698 1621 762 1683 qua
784 1601 827 1663 sit
847 1612 955 1666 mente
984 1601 1113 1665 futurus
1135 1603 1227 1678 deus,

193 1722 294 1782 quom
316 1702 368 1763 uir
389 1723 485 1764 nemo
507 1702 613 1766 bonus
635 1702 676 1765 ab
698 1703 836 1786 inprobo
859 1725 893 1766 se
915 1703 1028 1766 donari
1050 1704 1141 1766 uelit.

260 1803 475 1886 Diligentiam
502 1814 651 1868 uotorum
675 1805 751 1869 satis
773 1805 809 1868 in
831 1806 903 1888 lege
926 1806 1048 1868 dietum
1071 1817 1119 1869 est
1133 1831 1179 1865 a*
1194 1829 1230 1870 ao

250 1991 260 2041 1
282 1989 449 2062 luplrioione
466 1996 493 2045 A
564 1992 707 2046 laminas
723 1992 748 2044 a
766 1993 836 2047 exha
853 1995 882 2046 da
899 2010 995 2047 rasura
1013 1996 1039 2047 A
1095 1979 1194 2047 domus
1202 1997 1230 2048 A

192 2075 294 2130 domos
315 2079 344 2132 B
399 2077 554 2132 Samiario
578 2079 658 2149 Vera.
677 2081 745 2134 Aen.
771 2079 817 2133 VI
837 2081 886 2132 611
915 2079 1010 2132 Cicero
1034 2079 1072 2132 ait
1100 2079 1128 2132 in
1153 2080 1229 2134 libris

192 2162 300 2232 legum:
330 2162 461 2232 Stipem
484 2163 668 2234 prohibeo,
701 2181 776 2218 narn
807 2171 913 2234 auget
936 2164 1229 2235 superstitionem

193 2255 229 2302 et
248 2247 415 2303 exhaurit
432 2250 560 2303 domos.
581 2249 671 2318 dignis
686 2249 769 2319 igitur
779 2250 950 2321 largiendum
963 2260 1013 2304 est.
1049 2251 1111 2303 daeo
1123 2257 1229 2320 postre-

191 2353 238 2388 ma
257 2335 346 2405 dignis
365 2335 450 2404 igitur
466 2333 637 2405 largiendum
655 2341 697 2389 ert
717 2336 820 2400 Sardi,
840 2355 892 2390 aaa
913 2337 1044 2409 Ci'eeroars
1064 2356 1131 2399 esse,
1153 2338 1229 2392 talaia

192 2421 372 2474 adnotationis
390 2427 465 2474 tenor
482 2421 600 2474 declarat
704 2423 721 2473 4
739 2439 816 2476 sacro
834 2423 973 2476 domares
995 2422 1098 2476 lacrum
1117 2425 1178 2476 AB

194 2507 211 2556 5
229 2513 258 2560 et
274 2505 378 2560 addidit
395 2507 551 2574 Mandatus
568 2507 679 2560 Emaad.
695 2524 727 2576 p.
748 2509 780 2559 75
844 2505 1009 2577 deposuit&
1026 2510 1103 2569 AB,
1132 2508 1178 2562 sed
1199 2509 1227 2562 iri

192 2595 222 2645 A
241 2609 295 2662 per
318 2609 441 2646 rasuram
465 2597 593 2644 armatam
616 2593 645 2646 da
668 2591 821 2664 deposuisse
930 2596 946 2645 6
970 2591 1096 2646 Salenses
1120 2594 1229 2648 Vrsinus

192 2677 288 2730 falesii
306 2679 334 2732 Β
357 2676 450 2757 solelir
466 2680 492 2732 A
513 2679 537 2741 (⁸
554 2693 699 2747 superea
717 2697 778 2732 carr
794 2679 856 2743 add)
947 2677 1165 2733 erhsrliinienhl
1180 2679 1229 2734 eh-

191 2779 277 2833 renel'
291 2783 320 2834 B
411 2781 424 2831 7
445 2779 575 2834 ehirenes
588 2782 616 2833 A
691 2779 803 2835 iunonis
818 2797 897 2834 emrae
919 2787 950 2845 (re
968 2797 1028 2834 corr
1045 2799 1077 2834 ea
1094 2784 1117 2846 a)
1140 2785 1167 2836 B
1184 2799 1228 2834 iu-

193 2883 261 2919 nom
280 2865 362 2944 femie
383 2865 406 2928 (1
421 2870 487 2932 corr)
509 2869 538 2919 A
595 2865 668 2936 0]qu
683 2865 803 2935 egregiis
821 2867 899 2938 (cJuJs
908 2884 968 2920 corr
979 2885 1011 2920 eo
1028 2865 1096 2919 euos
1110 2873 1138 2919 at
1155 2868 1227 2920 aide·

191 2973 243 3032 tart
264 2971 293 3022 Β
363 2941 620 3046 StiudBeumA
712 2967 792 3021 *iuis
810 2967 1009 3032 (sudarasara)
1030 2971 1057 3021 A
1127 2968 1231 3022 dorsis

194 3076 265 3138 (corr
281 3072 333 3136 ies,
345 3073 407 3140 suit
425 3070 523 3136 doerill
550 3073 576 3124 A
599 3071 677 3125 doris
696 3089 756 3125 corr
779 3070 863 3124 dores
878 3074 907 3125 B
993 3069 1148 3124 credidisse.
1169 3071 1226 3125 Iani

192 3156 350 3227 Maduiyr'as
371 3159 439 3226 Opp.
459 3157 498 3210 ΙΙ
510 3159 559 3208 150
578 3156 711 3222 eredidir;
734 3155 779 3210 sed
803 3163 829 3209 ia
847 3160 874 3210 A
894 3154 1094 3224 credidirllede
1112 3163 1139 3209 ia
1161 3161 1227 3216 [corr

192 3241 240 3296 sed
259 3242 284 3319 di
302 3249 342 3304 ia,
370 3243 429 3296 dein
455 3239 616 3306 &deditaml
636 3245 665 3296 Β
752 3243 767 3294 9
790 3240 968 3312 persarunis
991 3245 1029 3306 (er
1054 3249 1120 3307 corr)
1150 3248 1175 3296 A

194 3347 222 3396 11
238 3345 345 3415 plaeere
358 3361 417 3398 corr
429 3344 536 3414 placare
547 3348 575 3399 A
627 3345 786 3415 plaroinem
808 3355 833 3404 to
846 3348 911 3407 eor-r)
926 3348 952 3397 A
1007 3345 1037 3396 12
1056 3362 1155 3417 uersor
1166 3349 1192 3399 A
1200 3347 1228 3399 B

246 3449 278 3499 13
292 3419 352 3526 dud
360 3449 387 3502 Β
457 3451 488 3501 oi
507 3465 550 3500 uir
568 3465 650 3501 nemo
668 3450 696 3502 in
713 3451 846 3500 rasaraA
916 3447 1041 3517 improbo
1053 3451 1080 3500 A
1098 3449 1187 3518 lnpbo
1199 3451 1227 3503 B

244 3552 318 3605 Plato
338 3552 368 3603 de
387 3549 485 3619 laadan
504 3550 552 3603 IV
567 3553 616 3603 116
634 3551 664 3604 E
677 3549 822 3620 ἀκάθαρτος
840 3551 887 3621 γὰρ
905 3550 951 3618 τὴν
970 3550 1056 3622 ψυχὴν
1070 3549 1083 3602 ὅ
1097 3569 1124 3620 γε
1137 3551 1224 3613 κακός,

189 3635 305 3705 καθαρὸς
319 3635 346 3688 δὲ
365 3636 378 3688 ὁ
397 3633 522 3695 ἐναντίος·
548 3635 617 3705 παρὰ
636 3635 664 3688 δὲ
689 3642 780 3708 μιαροῦ
799 3635 870 3704 δῶρα
888 3633 938 3688 οὔτ’
957 3635 1037 3704 ἄνδρα
1055 3635 1151 3706 ἀγαθὸν
1170 3634 1227 3688 οὔτε

190 3721 251 3775 θεὸν
270 3721 322 3774 ἔστι
339 3723 402 3774 ποτὲ
419 3721 447 3774 τό
465 3740 493 3793 γε
512 3721 588 3793 ὀρθὸν
607 3719 735 3794 δέχεσθαι,
761 3721 842 3792 μάτην
868 3720 912 3773 οὖν
935 3721 992 3790 περὶ
1016 3719 1090 3778 θεοὺς
1115 3720 1227 3779 daulis
1281 3765 1285 3769 .
1388 3751 1390 3755 -

191 3825 245 3878 em
257 3823 334 3883 πόνος
346 3830 401 3884 τοῖς
414 3823 523 3883 ἀνοσίοις
540 3823 595 3876 κτλ,
656 3825 687 3876 13
708 3825 738 3874 11
758 3795 1019 3893 uehrlsidilgenufi
1033 3822 1080 3876 sed
1094 3840 1119 3875 ιτ
1131 3824 1158 3876 in
1165 3824 1227 3892 fine

190 3927 282 3963 uersus
300 3931 314 3963 e
332 3928 391 3963 οονν
409 3913 451 3972 A;
473 3910 535 3979 fra't
552 3909 642 3978 uellit
660 3909 706 3962 dil.
728 3915 757 3962 nt
781 3915 910 3979 appareat
935 3909 997 3962 daeo
1014 3907 1081 3962 aiod
1093 3910 1228 3978 pertinere

191 3997 229 4048 ad
246 3995 419 4063 diligentiam
437 4012 517 4064 aeque
539 3996 576 4048 eis
593 3995 634 4048 ati
650 3995 725 4048 dicere
743 3995 860 4050 addara
876 4011 964 4046 aoeem
987 3995 1176 4047 emendandam

192 4083 334 4149 Desectam
358 4081 484 4134 matianis
507 4079 670 4149 siqaffieaai',
702 4097 780 4148 qaam
803 4081 935 4148 tanarum
958 4079 1037 4132 talem
1058 4081 1124 4148 fere
1138 4081 1227 4148 faisse

1058 4185 1071 4231 7
1103 4199 1104 4202 a
