3018 4718
640 353 665 396 11
689 344 714 410 6,
733 345 854 394 14-15
1174 351 1186 388 s
1225 335 1266 398 69
1295 335 1296 340 ’

227 516 359 568 senatus
381 515 504 589 puncto
526 506 680 588 temporis
704 506 851 570 sublatae
873 506 956 569 sint:
988 505 1042 568 lex
1065 516 1173 569 autem
1195 505 1263 582 illa,

228 609 320 671 cuius
343 609 412 671 uim
434 607 608 692 explicaui,
632 629 740 690 neque
763 608 833 672 tolli
855 629 962 690 neque
977 609 1124 692 abrogari
1146 618 1262 692 potest.

294 713 456 779 QVINTVS.
513 711 578 774 Eas
609 721 645 774 tu
677 711 779 795 igitur
810 711 899 795 leges
934 711 1061 793 rogabis
1098 711 1262 788 uidelicet,

228 836 312 896 quae
333 835 512 897 numquam
536 815 742 897 abrogentur.
968 814 972 824 ’
1040 815 1043 820 '
1069 815 1071 822 '
1161 813 1165 822 '

292 918 440 981 Misere.
488 919 600 994 Certe,
633 917 661 980 si
688 918 784 981 modo
807 928 956 1001 acceptae
979 940 998 980 a
1021 919 1148 981 duobus
1170 917 1265 981 uobis
1291 931 1304 970 ⁵

228 1025 351 1083 ei·unt.'
381 1020 449 1097 sed,
475 1031 512 1084 ut
537 1021 589 1082 uir
611 1021 816 1084 doctissimus
845 1022 923 1085 fecit
944 1021 1036 1086 Plato
1060 1031 1156 1104 atque
1178 1021 1265 1083 idem

226 1123 439 1204 grauissimus
468 1123 736 1207 philosophorum
765 1125 930 1201 omnium,
968 1123 1024 1208 qui
1046 1125 1202 1208 'princeps
1225 1124 1265 1186 de

226 1247 260 1288 re
286 1225 418 1309 publica
451 1226 641 1310 conscripsit
674 1227 824 1312 idemque
859 1228 1031 1310 separatim
1065 1229 1104 1291 de
1137 1225 1265 1309 legibus

228 1328 317 1406 eius,
349 1329 383 1391 id
411 1330 493 1394 milii
524 1329 617 1392 credo
645 1351 714 1392 esse
737 1331 943 1412 faciundum,
975 1342 1024 1408 ut,
1054 1331 1266 1414 priusquam

228 1431 333 1514 ipsam
353 1432 461 1514 legem
484 1433 627 1509 recitem,
652 1432 693 1495 de
716 1433 785 1495 eius
807 1433 890 1516 legis
911 1434 1010 1497 laude
1023 1431 1153 1508 -dicam3
1179 1432 1305 1516 quoda

227 1533 315 1596 idem
338 1544 370 1597 et
392 1535 570 1598 Zaleucum
599 1545 632 1598 et
654 1535 861 1599 Charondam
888 1536 1003 1600 secisse
1025 1536 1141 1612 uideo,
1167 1555 1266 1616 quom

228 1638 360 1719 quidem
381 1637 430 1700 illi
451 1660 520 1702 non
544 1639 643 1701 studii
666 1649 699 1701 et
719 1639 955 1715 delectationis,
981 1639 1038 1701 sed
1055 1638 1265 1722 reipublicae

227 1761 324 1803 causa
341 1741 434 1823 leges
457 1741 644 1805 ciuitatibus
674 1743 741 1806 suis
769 1743 983 1825 scripserunt:
1017 1763 1098 1824 quos
1120 1741 1265 1804 imitatus

227 1843 322 1906 Plato
344 1844 498 1908 uidelicet
520 1845 582 1908 hoc
612 1867 741 1928 quoque
762 1844 845 1928 legis
867 1845 998 1928 putauit
1020 1866 1102 1922 esse,
1125 1865 1265 1928 persua-

229 1947 304 2010 dere
327 1947 463 2030 aliquid,
488 1970 555 2011 non
578 1949 688 2011 omnia
709 1951 744 2013 ui
767 1971 804 2011 ac
825 1947 924 2011 minis
947 1969 1071 2032 cogere.
1280 1959 1304 2000 1⁶

176 2061 215 2115 15
296 2050 459 2116 Qvusrvs.
507 2049 614 2117 Quid?
638 2052 725 2134 quod
741 2052 919 2114 Zaleucum
934 2053 1033 2115 istum
1048 2061 1146 2134 negat
1161 2049 1265 2112 ullum

226 2151 329 2216 fuisse
352 2153 526 2217 Timaeus?

228 2375 336 2440 suralA
386 2375 531 2447 presertim
548 2380 575 2430 Α
628 2352 812 2446 lpotest·e⁸·s
826 2379 854 2431 Β
907 2376 1051 2446 3rogsb1s
1071 2379 1096 2446 [g
1114 2380 1141 2426 et
1157 2376 1175 2429 b
1194 2391 1263 2438 corr,

227 2463 333 2515 uidetur
344 2461 552 2530 rocauissai‘ssel
564 2467 592 2516 Α
609 2461 690 2531 rogas
698 2463 726 2515 B
797 2465 812 2513 5
831 2457 906 2517 cer'te
929 2465 951 2525 (e
969 2462 1066 2515 ultima
1083 2464 1112 2516 s'n
1124 2466 1226 2525 rasura)
1240 2465 1267 2514 Α

281 2550 295 2597 7
323 2543 498 2616 grauissimus
525 2548 626 2618 (grauis
657 2547 686 2601 ia
713 2554 815 2614 rasura)
846 2551 873 2602 A
979 2547 1212 2619 phylosophorum
1238 2548 1267 2601 Β
1305 2565 1307 2569 ·

281 2650 403 2687 omnium
421 2649 467 2702 qui
485 2638 615 2686 merlotum
634 2635 662 2687 t'n
682 2651 803 2688 omnium
822 2651 874 2704 que
892 2636 953 2689 AB
1041 2635 1056 2684 Θ
1075 2634 1220 2703 seperatim
1238 2634 1266 2686 Β

280 2718 387 2788 legibus
407 2717 467 2782 [bus
482 2720 510 2772 iu
527 2723 631 2784 rantra)
653 2721 681 2773 Β
784 2725 800 2772 9
819 2719 892 2773 idem
910 2719 1038 2774 Halmius
1056 2717 1116 2772 coll.
1135 2719 1166 2771 de
1183 2721 1229 2790 off
1250 2717 1270 2772 1

230 2827 254 2888 i,
278 2825 306 2887 1;
326 2821 391 2875 item
409 2821 555 2876 Lambinus
628 2825 658 2875 l0
677 2788 735 2900 {gil
747 2822 816 2893 legis
832 2825 859 2876 Β
877 2823 936 2876 eius
956 2823 1026 2893 legis
1040 2827 1068 2876 Α
1085 2823 1131 2876 aad
1148 2839 1176 2874 m
1195 2839 1264 2883 corr,

227 2932 257 2979 ut
273 2925 388 2996 potuerit
406 2923 465 2995 egis
476 2924 575 2993 fussam
595 2925 664 2996 legis
677 2924 803 2980 Habesos
822 2925 881 2979 tolli
897 2924 979 2990 iussit,
1000 2942 1054 2978 nou
1072 2930 1139 2978 recto
1157 2939 1204 2976 nec
1221 2922 1265 2978 ob·

230 3013 388 3082 temperastis
405 3009 550 3065 Baiterusr
574 3015 666 3082 confer
683 3013 776 3076 1123,
800 3013 833 3062 58
858 3028 919 3064 cum
941 3011 1043 3065 lamina
1066 3017 1138 3064 esset
1153 3009 1268 3064 inuenta

229 3107 258 3152 et
276 3098 305 3150 in
323 3115 356 3150 ea
373 3098 503 3167 scriptum
515 3096 626 3162 lumina,
645 3096 692 3150 udi
706 3115 747 3150 me
759 3097 860 3167 panem
879 3103 983 3150 sudore
999 3094 1137 3165 sedprauo
1154 3096 1267 3150 alterum

228 3184 332 3238 lamina
350 3184 496 3248 indocilem
512 3201 565 3252 pro
584 3185 659 3236 Mur.
683 3186 724 3249 ii,
745 3185 773 3235 31
796 3183 839 3236 sin
856 3183 925 3236 haec
941 3181 1013 3235 bella
1030 3181 1191 3250 grauissima
1209 3181 1266 3235 uic-

228 3269 371 3337 toriaeque
396 3285 490 3322 eorum
513 3267 646 3322 bellorum
671 3269 839 3338 gratissimae
863 3268 988 3332 suerunt;
1012 3287 1063 3338 pro
1086 3268 1149 3321 Mil.
1171 3270 1213 3334 27,
1234 3269 1267 3319 ii

229 3371 292 3408 euni
327 3371 382 3408 noii
406 3354 590 3424 impetrasset,
621 3365 651 3408 ut
673 3353 725 3407 sibi
749 3354 866 3408 insulam
888 3355 917 3408 in
940 3354 1000 3408 lacu
1018 3353 1101 3407 Prilio
1125 3353 1266 3420 uenderet,

229 3446 343 3510 repente
361 3439 389 3492 iii
408 3457 467 3494 eam
486 3440 603 3494 insulam
621 3439 761 3494 materiem
779 3440 921 3504 conuexit3
945 3441 1019 3495 Ture.
1041 3441 1107 3509 disp.
1129 3439 1156 3494 V
1171 3441 1212 3504 20,
1234 3440 1266 3490 59

229 3543 292 3580 cuni
310 3524 411 3580 fossam
430 3525 512 3580 latam
531 3525 678 3580 cubiculari
701 3523 771 3578 lecto
796 3525 1019 3580 circumdedisset
1042 3525 1154 3596 eiusque
1178 3524 1266 3579 fossae

228 3612 373 3666 transitum
398 3612 599 3676 coniunxisset3
626 3613 658 3665 de
677 3614 735 3684 fia.
762 3613 817 3666 III
830 3615 855 3678 5,
879 3615 909 3664 16
934 3612 969 3666 ad
992 3629 1072 3665 suum
1097 3618 1196 3664 statum
1220 3627 1267 3664 ea-

230 3715 292 3767 que,
314 3715 384 3767 quae
396 3698 586 3752 conseruantis
598 3706 664 3751 sunt
674 3697 732 3751 eius
745 3707 841 3762 status,
856 3697 1003 3768 diligenda,
1023 3699 1078 3751 olio
1133 3699 1160 3748 11
1184 3695 1210 3748 tc
1222 3712 1267 3749 za-

230 3775 336 3838 leucum
354 3785 415 3839 ΑΒ
435 3785 572 3849 (Halmius
590 3785 697 3848 errauit)
764 3783 931 3849 charoniuds
947 3788 975 3838 Α
992 3782 1143 3836 carnoruds
1162 3799 1221 3836 corr
1238 3780 1267 3836 ia

230 3870 393 3924 sarronnids
411 3872 440 3925 Β
460 3871 511 3935 seio)
587 3875 640 3940 quo
653 3875 680 3924 Α
698 3868 747 3938 (ᾗῐι
769 3870 801 3934 (li.
817 3887 838 3922 e.
860 3869 995 3939 quoniam)
1013 3871 1041 3923 Β
1062 3871 1114 3935 (sio)
1161 3870 1192 3920 12
1205 3885 1266 3938 qui·

230 3957 292 4010 dein
310 3975 370 4010 sort
388 3956 497 4026 quidem
515 3957 543 4012 Β
560 3955 644 4025 quide
660 3956 707 4009 scd
723 3961 738 4008 ἓ
756 3973 818 4008 corr
834 3961 862 4010 Α
932 3952 1129 4009 dilectationes
1149 3972 1209 4007 corr
1226 3955 1267 4008 di·

231 4041 390 4096 lectationis
405 4047 432 4096 A
488 4043 519 4093 13
538 4039 694 4110 scripserint
705 4039 740 4094 Β.
756 4041 907 4111 Stephanus
962 4043 993 4092 14
1012 4040 1081 4112 legis
1096 4057 1211 4110 putauit
1229 4040 1251 4094 e*
1251 4058 1266 4094 s

230 4145 277 4199 per
289 4128 317 4182 io
330 4145 427 4182 rasura
440 4133 466 4181 A
531 4131 560 4179 17
575 4123 670 4196 suisse*
693 4125 869 4196 tsaltsuissdq
885 4129 913 4180 B
973 4127 1096 4180 thimeus
1106 4129 1134 4181 Β
1186 4126 1266 4179 fuisse
