3016 4714
595 265 621 308 n
646 256 689 321 15,
708 254 832 307 38-39
1162 247 1203 307 95

169 425 266 500 etque
288 415 403 482 molles
424 415 561 480 influere
577 437 675 499 quern
696 415 804 500 uarios
825 415 962 480 canendi
985 435 1093 492 sonos,
1119 437 1205 499 quo-

169 541 241 584 rum
256 519 321 585 dici
343 519 401 582 uix
415 529 523 602 potest
544 529 666 602 quanta
687 519 730 582 sit
751 517 802 582 uis
824 519 860 581 in
875 530 1044 601 utramque
1060 529 1202 602 partem:
1284 546 1286 550 ·

169 643 310 705 namque
339 633 373 686 et
399 622 514 686 incitat
540 622 734 705 languentes
760 631 793 686 et
822 621 1022 706 languefaeit
1050 620 1206 684 excitatos

171 735 203 788 et
231 735 303 788 turn
330 725 465 790 remittit
494 725 637 802 animos,
669 736 740 789 turn
761 726 940 802 contrahit,
972 724 1206 805 ciuitatumque

171 827 232 891 hoo
259 827 436 892 multarum
464 827 499 894 in
529 829 667 893 Graecia
691 827 857 905 interfuit,
892 827 1060 911 antiquom
1088 847 1208 889 uocum
1233 847 1246 886 ⁵

172 952 362 996 conseruere
384 925 536 1008 modum3
567 953 704 1016 quarum
731 952 837 996 mores
866 930 951 1014 lapsi
977 930 1018 994 od
1044 927 1208 994 mollitiam

172 1033 305 1096 mollitis
332 1033 452 1116 pariter
478 1044 556 1097 sunt
582 1033 735 1098 inmutati
765 1055 841 1098 oum
869 1033 1038 1110 cantibus,
1070 1042 1127 1098 out
1148 1030 1209 1094 hac

174 1135 345 1200 dulcedine
368 1136 612 1221 corrupteleque
635 1137 822 1221 deprauati,
853 1146 891 1200 ut
918 1135 1050 1219 quidem
1078 1143 1206 1218 putent,

174 1250 241 1316 aut,
265 1261 341 1302 eum
363 1241 517 1312 seueritas
541 1261 653 1302 eorum
675 1241 716 1302 ob
739 1239 802 1302 alie
823 1239 905 1304 uitia
928 1239 1113 1315 cecidisset,
1138 1247 1209 1300 tum

174 1341 237 1405 fuit
257 1342 442 1406 inauribus
459 1333 794 1425 'animisquemutatis
816 1342 914 1406 etism
935 1341 1013 1406 huie
1034 1339 1207 1404 mutationi
1222 1375 1247 1414 10
1300 1381 1301 1386 κ

130 1443 273 1508 3910οηε.
313 1465 411 1528 quarn
433 1447 474 1510 ob
496 1467 565 1508 rern
586 1447 641 1508 ille
663 1445 795 1528 quidem
817 1445 1075 1528 sapientissimus
1099 1443 1208 1508 Gree-

176 1547 241 1612 eiae
264 1547 316 1610 uir
336 1548 499 1631 longeque
529 1549 734 1613 doctissimus
757 1549 852 1613 uelde
874 1547 959 1611 hene
981 1547 1088 1611 labem
1109 1567 1208 1623 uere-

175 1660 227 1714 tur
234 1675 244 1728 3
268 1661 368 1733 negat
390 1651 478 1716 enim
499 1652 618 1716 mutari
646 1673 741 1736 posse
763 1643 904 1716 musices
925 1651 1015 1734 leges
1037 1649 1108 1712 sine
1130 1670 1209 1711 mu-

175 1753 297 1816 tatione
325 1743 436 1836 legum
465 1754 681 1843 publicarum.
722 1777 782 1838 ego
812 1764 921 1818 autern
943 1775 1004 1816 nec
1025 1762 1092 1815 tam
1114 1749 1209 1813 ualde

174 1855 208 1918 id
229 1855 411 1919 timendum
428 1878 489 1920 neo
503 1857 600 1940 plane
616 1858 890 1922 contemnendum
904 1855 995 1940 puto.
1034 1854 1118 1917 illud
1132 1853 1210 1936 qui·
1225 1842 1250 1928 ιζ

163 1960 248 2034 Ι(ἰθιιι
262 1957 381 2036 uideo,
406 1980 490 2041 quae
513 1960 661 2023 solebant
683 1961 849 2044 quondam
871 1958 1016 2042 conpleri
1038 1957 1219 2021 seueritate-

174 2060 319 2124 iueunda
339 2061 489 2124 Liuianis
511 2072 544 2128 et
564 2063 745 2126 Naeuianis
774 2063 896 2152 mndis,
927 2065 1017 2125 nuno
1037 2070 1076 2124 ut
1098 2062 1210 2124 eadem

177 2283 189 2333 l
208 2248 296 2338 moles
311 2285 340 2336 Β
408 2249 513 2338 meiere
531 2287 558 2338 A
612 2286 715 2340 Nonius
734 2286 822 2358 347,9
840 2284 930 2350 molle,
951 2284 1039 2350 dulce,
1060 2283 1210 2336 iucundum

239 2367 280 2422 M.
301 2367 406 2422 Tullius
425 2369 459 2422 de
476 2369 596 2439 Legibus
612 2369 661 2423 lib.
677 2369 720 2424 II:
741 2371 770 2424 in
788 2370 894 2423 animos
912 2377 1021 2423 teneros
1039 2375 1121 2438 atque
1140 2368 1211 2421 mol·

175 2470 209 2524 lis
227 2470 352 2542 influere,
372 2487 454 2540 quom
472 2472 563 2526 uarios
582 2473 697 2526 canendi
722 2489 832 2533 somnos
949 2447 1028 2542 2drfr
1045 2474 1073 2525 A
1160 2471 1211 2523 ursi

175 2562 282 2626 nutreq3
301 2575 361 2610 corr
378 2557 442 2609 urs*
461 2563 582 2628 Jnurreq3
601 2561 639 2621 Β,
723 2558 925 2628 elanguerant
945 2558 963 2619 {l
982 2560 1048 2623 corr)
1069 2562 1095 2612 A
1165 2573 1211 2609 ex·

175 2642 355 2710 orroltarosB
425 2645 491 2694 411’1
508 2660 576 2696 rem.
596 2648 617 2709 (r
634 2665 647 2698 e
665 2647 731 2709 corr)
747 2645 804 2698 AB
822 2661 885 2697 eum
904 2644 1068 2698 Heioeo'anos
1144 2659 1211 2695 erur·

174 2736 327 2816 tardiquie
353 2748 381 2799 A
411 2736 562 2799 'crcrunaru-
579 2739 649 2820 quie
677 2748 704 2800 B
824 2745 963 2812 5mulroe
988 2763 1049 2799 corr
1075 2759 1107 2811 aa
1133 2745 1161 2798 Β

176 2847 266 2909 grene
282 2833 310 2883 A
328 2847 417 2899 grene
440 2833 469 2886 B
573 2847 717 2901 antiquom
736 2834 764 2885 A
786 2833 899 2905 antiqui
918 2834 946 2886 Β
1050 2832 1166 2882 *suoru
1184 2830 1213 2882 io

177 2949 273 2986 rasura
296 2935 324 2986 A
412 2935 427 2984 6
446 2909 581 2988 conseruite
600 2933 684 2988 modii
701 2937 763 2988 AB
785 2935 922 2998 (conserua
938 2935 1019 2986 etiam
1036 2932 1209 2994 Hedonen)

179 3017 335 3071 conseruari
347 3019 459 3084 Battus,
481 3022 549 3090 quod
566 3039 612 3073 eur
630 3019 679 3083 illi,
700 3021 769 3090 quod
782 3022 917 3090 -uulqotur,
932 3021 1102 3088 praeferam,
1128 3018 1213 3070 neseio

247 3103 314 3173 lapsi
333 3121 393 3156 corr
410 3121 442 3156 eto
459 3104 527 3160 lausr
545 3108 573 3160 Β
678 3106 712 3159 ad
736 3105 911 3173 (mollitiam)
923 3102 1036 3157 mollitis
1060 3103 1157 3174 sortisti
1180 3102 1214 3156 ad

178 3183 295 3272 mollrril
311 3208 339 3260 Β
364 3206 399 3259 ad
421 3206 538 3261 molhns
553 3209 717 3262 Hermiones
741 3207 950 3276 adlmolhnal*
978 3207 1026 3271 (ras
1047 3209 1114 3270 corr)
1135 3210 1163 3260 A

180 3294 394 3368 71nmuranB
418 3309 560 3346 rmmuran
583 3298 609 3348 A
679 3297 694 3346 8
718 3292 877 3365 corruptela
900 3309 967 3362 quse
989 3295 1017 3346 A
1088 3294 1103 3342 9
1122 3309 1214 3346 eorum

179 3413 240 3448 corr
258 3412 352 3448 eorum
370 3399 398 3448 A
423 3371 495 3473 ᾳζιοᾷ
517 3399 544 3450 Β
582 3420 586 3426 ·
643 3413 714 3450 urna
732 3400 759 3451 B
850 3409 911 3448 rum
930 3414 990 3450 corr
1007 3413 1039 3449 eo
1057 3411 1118 3448 eum
1135 3397 1178 3462 A¹

181 3495 350 3574 tdlmutarrs
369 3496 402 3564 (rs
417 3511 526 3556 corneo
544 3496 583 3564 ὀὓ
599 3503 627 3554 Α
682 3502 713 3552 12
733 3465 931 3556 doculrmqu
986 3501 1138 3551 lemarum
1157 3513 1216 3551 corr

82 3617 86 3626 ·
179 3599 283 3636 mutan
300 3587 328 3640 A
416 3576 521 3653 possed]
540 3584 626 3640 ulnas
640 3604 700 3638 corr
717 3585 816 3656 polle*
835 3585 948 3646 musicas
959 3587 986 3638 Β
1073 3581 1149 3652 leges
1160 3581 1216 3634 stne

179 3687 241 3722 corr
257 3687 290 3722 ee
307 3667 468 3722 leoeslemA
515 3686 689 3725 mutatione*
707 3671 828 3740 lengum
844 3674 869 3740 (g
881 3689 913 3724 ex
925 3687 939 3724 o
951 3688 1011 3724 corr
1022 3675 1051 3722 ut
1061 3670 1172 3732 uidetur)
1188 3670 1216 3719 A

235 3756 266 3804 14
283 3753 453 3823 publicarum
469 3759 623 3819 (uentrem
636 3759 704 3820 sorr)
719 3761 745 3810 A
800 3754 1170 3810 151dAhrcoorrin1dB

179 3838 473 3908 consempnendumB
516 3843 558 3894 -16
577 3841 658 3894 uideo
671 3842 766 3895 addidi
810 3842 948 3911 quonsde
969 3840 1216 3912 (fuitquomddm

232 3926 408 3978 seueritatem
426 3928 454 3977 A
544 3929 573 3978 17
597 3926 718 3980 ruounde
743 3930 770 3992 (u
782 3928 862 3998 prior
884 3926 913 3981 io
935 3945 1032 3982 rasura
1049 3913 1120 3990 eoru)
1138 3929 1165 3978 A

180 4026 308 4084 neurnnrs
324 4029 352 4082 B
377 4001 492 4082 nemoris
506 4033 534 4082 A
622 4047 695 4083 nunc
712 4037 743 4082 ut
761 4031 857 4084 eodem
876 4030 1015 4096 exultent,
1036 4029 1153 4082 ceruices
1172 4030 1216 4082 de·
