2990 4720
1140 351 1189 395 v11

145 519 186 572 ut
208 519 391 591 temporum
420 505 540 570 iniuria
563 505 727 589 culpanda
757 506 818 581 sit,
851 523 914 587 qua
941 525 998 588 per
1020 503 1188 567 interitum

145 627 382 694 nonnullorum
412 625 578 709 archetypi
606 625 725 689 codicis
754 624 906 690 foliorum
936 634 1002 687 tam
1029 624 1065 687 in
1099 623 1187 686 exitu

146 748 255 833 operis
279 770 297 811 a
319 747 476 810 Cicerone
500 745 631 828 quidem
654 744 792 808 absoluti
816 765 913 827 quam
935 745 971 806 in
997 743 1111 807 mediis
1142 742 1189 805 li-

146 867 216 932 bris
238 865 466 951 superstitibus
495 865 632 928 maiores
660 865 845 928 minoresue
872 874 978 949 partes
1008 862 1188 926 intercide-

147 989 231 1050 rint:
263 985 383 1049 deinde
404 995 442 1048 ut
463 1005 531 1048 non
555 995 621 1048 tam
642 984 865 1048 inconsultum
887 983 1072 1048 correctoris
1103 983 1188 1044 arbi-

148 1109 248 1170 trium
289 1125 386 1189 quam
421 1103 659 1168 inconsiderata
701 1103 905 1167 librariorum
943 1104 1068 1168 incuria
1105 1102 1188 1166 hanc

149 1225 291 1310 speciem
313 1225 499 1309 procrearit,
528 1225 584 1307 qui
606 1225 642 1287 in
666 1245 737 1288 eam
760 1223 900 1286 maxime
922 1237 1046 1308 partem
1067 1245 1188 1307 pccca-

147 1345 269 1422 uerint‚
296 1357 332 1408 ut
356 1343 532 1421 earundem
555 1344 753 1408 similiumue
775 1365 894 1408 uocum
916 1354 971 1407 aut
994 1344 1190 1429 syllabarum

149 1463 343 1549 repetitione
377 1464 504 1547 decepti
537 1483 633 1528 uoces
668 1462 813 1547 singulas
853 1474 908 1528 aut
948 1464 1045 1528 etiam
1081 1462 1189 1547 plures

150 1595 249 1668 atque
277 1585 356 1647 adeo
386 1593 468 1646 totas
498 1582 676 1648 sententias
704 1583 873 1686 scribendo
903 1585 1097 1647 omitterent.
1153 1605 1190 1646 ea

149 1706 252 1788 igitur
277 1703 430 1768 medendi
457 1703 512 1767 uia
541 1723 617 1787 prae
645 1704 758 1768 ceteris
789 1704 905 1786 ecquid
927 1702 1062 1767 forsitan
1083 1703 1187 1786 profi·
1262 1767 1263 1770 ,

150 1842 257 1888 cerem
288 1821 490 1909 periclitatus
523 1844 615 1901 sum,
653 1845 751 1908 quam
784 1823 853 1906 ipsa
887 1821 1041 1887 uitiorum
1073 1832 1189 1886 natura

151 1941 378 2008 commendare
400 1942 590 2020 uidebatur,
623 1943 741 2026 quibus
772 1943 863 2007 nulla
891 1942 1108 2026 frequentiora
1129 1941 1188 2005 hos

149 2063 249 2128 libros
274 2083 448 2150 occupasse
469 2063 702 2128 Vossianorum
724 2061 910 2127 testimonia
930 2063 1029 2126 fidem
1050 2062 1186 2126 faciunt.

152 2182 380 2266 opinationum
402 2192 512 2247 autem
534 2181 718 2266 congeriem
739 2183 780 2246 iis
795 2183 918 2246 finibus
940 2183 1187 2266 circumscripsi,

151 2312 192 2366 ut
213 2323 266 2366 eas
288 2321 443 2386 ponerem
466 2323 557 2386 quas,
589 2303 649 2366 etsi
672 2323 786 2367 uerum
808 2303 863 2368 uel
884 2302 954 2366 ueri
976 2313 1100 2386 partem
1123 2323 1190 2365 non

154 2443 225 2487 esse
247 2432 410 2486 assecutae
434 2422 641 2500 uiderentur,
672 2432 780 2486 tamen
802 2442 870 2486 non
893 2422 963 2487 sine
992 2423 1099 2486 fructu
1128 2422 1189 2486 ali-

150 2564 215 2624 quo
238 2542 418 2606 accuratius
440 2543 598 2626 perpendi
620 2543 798 2606 arbitrarer.
846 2544 1062 2626 quoniamque
1084 2563 1102 2606 a
1125 2563 1190 2605 no-

150 2660 295 2726 uissimis
316 2662 512 2740 editoribus,
543 2662 696 2740 Halmio,
730 2663 878 2740 Baitero,
910 2683 1047 2746 quorum
1069 2662 1189 2726 iudicio

151 2781 291 2844 multum
325 2781 465 2846 tribuere
498 2782 606 2859 soleo,
646 2779 782 2865 aliisque
816 2783 894 2846 uiris
928 2784 1028 2847 doctis
1062 2782 1189 2866 saepius

151 2899 234 2963 mihi
257 2899 490 2965 discedendum
513 2923 583 2965 esse
604 2903 694 2980 uidi,
726 2903 791 2966 mei
813 2902 945 2986 pudoris
969 2923 1039 2966 esse
1061 2903 1209 2986 putaui,-

153 3039 266 3083 eorum
294 3021 472 3086 sententias
502 3020 567 3086 nisi
594 3023 772 3088 rationibus
803 3022 908 3086 allatis
943 3044 1010 3086 non
1043 3021 1185 3086 reiicere.

152 3139 240 3222 quod
261 3140 449 3205 institutum
471 3161 546 3204 cum
568 3141 727 3206 breuitate
748 3142 793 3205 ita
809 3143 911 3219 tenui,
937 3152 974 3205 ut
988 3142 1189 3226 recognitum

153 3279 173 3320 a
194 3279 246 3322 me
269 3270 393 3322 textum
414 3261 535 3344 passim
558 3263 756 3344 argumentis
783 3273 814 3326 et
844 3261 1001 3346 exemplis
1030 3263 1189 3326 declarare

153 3387 251 3460 atque
274 3381 465 3444 confirmare
488 3382 660 3446 studerem.

217 3567 346 3632 Dabam
363 3567 577 3633 Vindobonae
599 3591 677 3634 non.
704 3569 918 3654 Septembrib.
944 3594 972 3634 a,
999 3589 1184 3635 nocconxx.
