3018 4718
231 316 272 376 66
686 331 712 372 11
735 324 760 386 5,
780 322 808 370 11

232 484 371 568 pientis3
396 505 478 566 quae
501 493 578 546 sunt
600 491 709 545 autem
731 479 820 544 uarie
836 480 924 544 etad
945 492 1074 562 tempus
1090 479 1269 562 descriptae

233 586 381 671 populis,
412 585 524 650 fauore
552 585 657 668 magis
686 605 783 666 quam
805 605 839 646 re
861 583 973 666 legum
995 603 1116 646 nomen
1141 592 1264 645 tenent.

235 711 365 754 omnem
388 689 476 752 enim
496 688 621 772 legem,
652 709 736 771 quae
765 686 897 769 quidem
923 696 1008 749 reete
1036 685 1091 748 lex
1119 684 1276 769 appellari

236 792 356 876 possit,
381 812 451 855 esse
479 790 678 854 laudabilem
704 789 899 872 quibusdem
927 787 1046 852 talibus
1075 787 1277 871 argumentis

211 895 364 958 idonens.
412 903 538 958 constat
559 893 703 977 prolecto
726 893 768 956 ad
791 892 929 956 salutem
945 891 1068 954 ciuium
1083 891 1278 954 ciuitatum-

236 1019 300 1081 que
339 995 613 1060 incolumitatem.
636 995 803 1079 uitamque
848 995 1020 1060 hominum
1059 995 1203 1075 quietam
1243 1003 1277 1054 et

236 1097 365 1163 beatam
394 1099 546 1162 inuentas
569 1119 638 1162 esse
660 1099 766 1180 legeS,
798 1118 928 1180 eosque,
960 1097 1017 1181 qui
1039 1097 1180 1180 primum
1203 1096 1273 1158 eius

236 1202 324 1266 modi
341 1201 421 1265 scita
436 1203 614 1279 sanxerint,
638 1201 768 1286 populis
784 1200 975 1276 ostendisse,
1000 1221 1038 1262 ea
1053 1221 1087 1262 se
1103 1198 1279 1281 scripttuos

238 1314 334 1387 atque
356 1304 490 1380 laturos,
515 1305 633 1387 quibus
655 1304 705 1366 illi
734 1302 865 1366 adscitis
895 1303 1117 1386 susceptisque
1139 1303 1278 1365 honeste

200 1423 226 1465 io
239 1407 398 1488 beateque
430 1406 600 1483 uiuerent3
642 1426 790 1489 quaeque
821 1406 869 1468 ita
901 1405 1068 1489 conposita
1102 1413 1276 1487 sanctaque

239 1519 358 1586 essent,
384 1530 438 1572 eas
459 1509 548 1593 leges
570 1508 724 1572 uidelicet
745 1508 961 1572 nominarent.
1009 1529 1050 1570 eii
1079 1530 1143 1590 quo
1173 1506 1276 1570 ‘intel-

239 1611 306 1695 legi
329 1633 387 1695 par
409 1623 459 1675 est
480 1633 546 1688 eos,
571 1613 628 1695 qui
649 1611 832 1696 perniciosa
854 1621 886 1674 et
906 1611 1030 1674 iniusta
1043 1611 1173 1694 populis
1188 1610 1277 1673 iussa

237 1714 477 1798 descripserint,
502 1736 600 1797 quom
622 1725 733 1778 contra
754 1713 891 1778 fecerint
913 1734 1011 1797 quain
1037 1713 1175 1797 polliciti
1196 1734 1278 1796 pro-

238 1925 330 1972 mente
342 1917 475 1988 sapientis
488 1919 561 1986 (est),
581 1937 609 1972 eo
627 1938 680 1972 non
693 1925 759 1990 pido
776 1917 919 1972 sentnrtiaa
936 1920 1001 1972 satta
1008 1920 1079 1988 fieri
1149 1920 1203 2020 laq,
1217 1935 1278 1970 corr

244 2025 268 2090 q
286 2022 315 2075 Β
414 2037 490 2099 uarie
509 2039 568 2075 corr
585 2041 618 2076 es
634 2039 710 2076 uarie
727 2029 756 2075 nt
772 2022 877 2076 uidetur
895 2025 922 2075 A
939 2013 1031 2095 uariae
1048 2023 1076 2076 B
1164 2024 1224 2075 aA

238 2103 377 2176 descripta
395 2125 455 2160 corr
472 2105 618 2178 descripta
631 2110 696 2172 AB,
716 2109 763 2162 sed
771 2110 893 2177 sortasse
905 2109 974 2161 illud
983 2125 1074 2162 nerum
1127 2108 1142 2158 2
1155 2105 1274 2177 populi*

240 2192 308 2262 [snit
316 2190 427 2262 populis
431 2194 498 2256 tAB
515 2194 657 2256 (coniannit
671 2199 802 2248 corrector
810 2193 905 2264 populi
916 2193 1020 2256 fauore,
1036 2199 1065 2246 nt
1078 2193 1107 2246 in
1122 2191 1276 2246 editionibus

238 2279 370 2331 nonnullis
387 2279 567 2332 netastibnbns
586 2279 688 2349 beqitnr)
744 2278 838 2332 fauero
851 2278 1080 2332 eorrfauoreAB
1131 2279 1277 2331 tenuntB

291 2363 306 2413 3
326 2361 438 2432 apellari
456 2365 516 2418 AB
537 2365 589 2428 (sie)
664 2367 678 2415 5
698 2363 813 2417 constat
830 2365 995 2418 Heinsianas
1013 2361 1145 2418 constant
1163 2365 1224 2417 AB

240 2451 255 2502 6
274 2446 505 2502 incolomitarum
518 2468 578 2503 corr
589 2449 835 2504 Jncolomitatesm
848 2454 875 2503 A
893 2449 1084 2503 incolomitate
1097 2465 1158 2501 corr
1169 2447 1273 2501 incolo·

239 2533 340 2587 mitat'e
357 2535 385 2587 Β
454 2551 538 2605 uitaq
557 2553 617 2589 corr
634 2541 719 2606 uiti'iq
739 2535 766 2589 B
835 2529 946 2593 homini
963 2541 991 2588 A
1095 2534 1223 2604 quidnam
1249 2535 1280 2586 Β

241 2637 331 2706 quibis
353 2635 404 2698 [bia
421 2639 449 2690 in
467 2642 570 2702 rasura)
591 2644 618 2694 A
741 2641 755 2688 7
774 2636 907 2691 inuental
921 2637 1086 2692 Heinsianns
1105 2611 1221 2691 {inditas
1240 2635 1276 2700 (di

240 2755 300 2792 sorr
317 2757 349 2792 en·
366 2744 402 2806 ui)
424 2743 452 2793 A
470 2705 582 2811 {wilaf
596 2743 624 2796 B
704 2742 718 2792 8
737 2739 821 2794 leital
837 2757 966 2794 auxerint
981 2759 1031 2810 per
1048 2758 1172 2794 rasuram
1189 2745 1275 2794 mata-

241 2830 295 2877 tam
312 2825 341 2878 in
359 2824 447 2879 scita*
467 2823 608 2879 sanxerint
625 2830 652 2879 A
725 2825 880 2880 lancxennt
897 2829 924 2881 Β
994 2823 1042 2880 eal
1057 2843 1071 2879 e
1089 2845 1138 2896 per
1155 2845 1277 2880 rasuram

242 2927 302 2963 corr
319 2911 347 2964 in
366 2928 418 2964 eas
438 2909 464 2964 le
476 2915 504 2965 A
557 2911 710 2984 scripturus
719 2929 805 2983 arque
817 2910 928 2966 laturus
945 2913 1087 2981 (utrobique
1100 2911 1132 2966 ol
1142 2917 1209 2979 corr)
1222 2913 1281 2965 AB*

245 2995 296 3060 (sie)
371 2995 445 3050 silli
463 2997 587 3052 editiones
604 2997 719 3052 illisAB
777 2998 867 3052 ascitis
885 3015 951 3051 anns
968 2999 1114 3062 Goerenzii,
1134 2997 1278 3053 Lambinus

241 3085 303 3134 teste
321 3082 434 3135 Danisio
455 3087 531 3152 (nam,
543 3085 572 3138 in
589 3087 700 3139 editione
712 3085 839 3137 Lambini
854 3103 880 3138 a.
903 3084 968 3136 1565
988 3083 1110 3154 ascriptis
1127 3089 1156 3136 nt
1173 3083 1202 3136 in
1218 3083 1276 3152 pia-

240 3165 327 3234 risqne
346 3166 441 3236 lapitas
458 3187 505 3222 nee
523 3171 661 3238 qnisquam
678 3172 826 3236 adnotatur)
849 3157 995 3240 adlcnptil
1009 3171 1066 3222 AB
1084 3168 1184 3224 ascitus
1203 3169 1275 3222 aaa·

241 3251 324 3304 riores
340 3253 462 3306 nonnulli
528 3251 617 3307 bonel
631 3254 744 3327 beatilq;
763 3273 823 3308 corr
839 3253 949 3308 honesti
968 3255 1087 3326 beansq
1107 3256 1135 3309 B
1160 3252 1277 3308 honeste

241 3335 379 3405 beateque
392 3355 451 3390 corr
469 3356 501 3391 ex
518 3337 628 3392 honesti
645 3340 776 3410 beatique
790 3344 817 3393 A
888 3342 920 3393 10
939 3339 1096 3412 conposital!
1120 3342 1144 3404 (a
1162 3341 1190 3394 in
1208 3341 1278 3394 extra

233 3421 303 3489 solii
319 3439 378 3474 corr
395 3438 426 3474 aa
445 3440 475 3477 ae
493 3429 522 3476 ut
537 3425 647 3490 uidetur)
670 3429 697 3478 A
778 3427 806 3478 11
828 3425 874 3480 eal
888 3428 917 3480 in
934 3444 1031 3481 rasura
1047 3430 1075 3480 A
1150 3442 1279 3480 nomma-

241 3522 299 3558 rem
318 3524 377 3559 eoin
401 3525 451 3560 ent
468 3509 496 3562 B
522 3510 574 3574 (sie)
602 3527 780 3566 nominarent
798 3516 840 3574 A,
866 3517 891 3566 et
914 3512 973 3576 boc,
1000 3514 1070 3582 qaod
1096 3511 1226 3566 Victorius
1249 3513 1278 3564 in

241 3591 432 3658 nominarunt,
458 3595 510 3648 alii
530 3595 609 3649 aliter
631 3603 780 3662 mutarunt,
807 3599 960 3652 conueniens
985 3597 1129 3652 sententiae
1152 3603 1178 3650 et
1190 3615 1278 3668 panse

242 3678 416 3731 necessariam
433 3697 487 3734 sese
504 3680 597 3744 indr'eo,
617 3683 643 3736 si
659 3684 762 3751 qnidam
779 3683 825 3738 boe
842 3685 994 3756 sipnrflean'
1008 3685 1143 3747 intererat,
1164 3684 1235 3736 iussn
1254 3689 1279 3736 st

242 3764 397 3816 anctoritate
416 3765 528 3818 laborinn
545 3785 576 3820 ea
593 3769 659 3822 scita
676 3787 693 3822 a
705 3769 815 3838 populis
832 3769 900 3840 lepos
913 3770 1062 3824 nominari:
1080 3787 1162 3839 nepta
1174 3771 1203 3823 in
1215 3787 1278 3822 con·

233 3848 400 3915 sormattbne
417 3849 559 3906 scribendae
577 3853 761 3922 dt'ffitnitntnn
779 3873 899 3924 aqnasco,
927 3857 1020 3924 consen
1038 3856 1069 3909 de
1087 3861 1154 3910 orat.
1176 3853 1217 3906 II
1232 3855 1275 3918 86,

243 3932 292 3984 ssi
312 3933 446 3988 Simonidi
464 3935 565 3990 dixisse
585 3953 614 3991 se
638 3938 782 3993 dimidium
806 3940 864 3994 eius
882 3941 907 3994 ei
931 3941 1074 3996 daturum:
1104 3941 1240 4011 reliquum
1259 3957 1276 3993 a

242 4015 405 4085 Tyndaridis
417 4028 532 4090 peteret.
588 4023 713 4094 intellegi
735 4025 824 4088 (intell
841 4028 869 4080 in
882 4032 987 4093 rasura)
1003 4031 1030 4082 A
1087 4029 1117 4080 12
1136 4035 1164 4083 et
1176 4026 1279 4081 iniusta

242 4103 407 4186 edittbnea&
425 4104 499 4158 mlta
517 4108 545 4161 B
562 4105 585 4161 s
603 4108 678 4162 iusta
695 4110 742 4180 pol
762 4111 790 4164 in
808 4129 903 4166 rasura
921 4117 948 4167 A
1026 4115 1056 4166 13
1075 4111 1282 4183 delclnplennt
