3018 4718
563 321 575 364 1
602 313 642 377 re,
660 314 739 365 43-
754 315 787 366 49
1194 307 1234 370 43

198 495 284 556 quae
318 495 448 557 quoqne
485 472 623 538 uirtutes
657 495 715 557 per
749 495 783 536 ae
810 473 964 558 colendae
999 485 1087 540 sunt.
1135 477 1235 562 quid?

198 575 377 640 liberalitas
399 577 583 660 gratuitane
605 587 654 640 eet
676 598 719 640 an
733 575 972 640 mereennaria?
1003 578 1030 640 si
1053 579 1123 642 sine
1138 601 1236 662 prae-

200 679 267 744 mio
289 680 453 763 benignus
477 670 537 758 eet,
561 679 721 764 gratuita3
746 681 865 743 sicum
879 681 1039 757 mercede,
1064 683 1234 745 eonducta.
1346 675 1347 680 ¹

201 803 262 846 nee
284 792 334 846 est
356 783 494 846 dubium
516 784 596 867 quin
619 784 659 861 is,
684 784 742 866 qui
764 783 906 848 liberalis
922 784 1130 867 benignusne
1152 785 1237 848 diei-

200 895 265 962 tur,
290 885 448 963 officinm,
473 908 540 950 non
562 886 706 956 fructum
728 897 899 970 aequatum
924 907 999 970 ergo
1018 887 1098 950 item
1112 887 1263 952 iustitiat
1320 969 1322 974 Ι

200 988 285 1050 nihil
308 990 432 1072 expetit
453 990 600 1072 praemii,
625 988 710 1054 nihil
731 990 843 1074 pretii:
874 1009 931 1074 per
954 1011 988 1053 se
1010 990 1111 1074 igitur
1133 1013 1236 1075 expe-

201 1091 291 1154 titur.
340 1093 517 1176 eademque
545 1093 693 1157 omnium
720 1092 882 1158 uirtutum
912 1114 1009 1156 cansa
1037 1104 1134 1177 atque
1157 1116 1237 1158 een-

145 1195 302 1258 49tentia
331 1203 391 1260 eat.
438 1206 535 1280 atque
559 1197 656 1260 etiarn
685 1196 713 1260 ai
749 1195 994 1273 emolumentis,
1025 1217 1093 1260 non
1124 1209 1238 1282 suapte

198 1295 235 1360 ui
255 1298 360 1362 uirtus
383 1299 564 1382 expetitur,
589 1321 656 1364 una
679 1299 740 1364 erit
761 1299 882 1376 uirtus,
912 1319 995 1382 quae
1016 1299 1142 1363 malitia
1163 1323 1237 1366 ree-

198 1401 323 1466 tissime
352 1402 494 1480 dicatum
532 1413 571 1465 ut
597 1402 695 1466 enim.
713 1403 850 1485 quiaque
882 1423 1036 1466 maxume
1070 1403 1111 1466 ad
1139 1422 1275 1468 suumn

197 1504 405 1568 commodum
437 1504 534 1568 refert
566 1525 790 1589 quaecumque
824 1505 908 1590 agit,
944 1506 989 1570 ita
1022 1505 1158 1570 minime
1188 1517 1237 1570 est

197 1605 251 1668 uir
272 1607 391 1683 bonne,
416 1618 453 1670 ut
475 1607 532 1691 qui
554 1607 709 1671 uirtutem
730 1607 874 1692 praemio
894 1608 1086 1685 metiuntur,
1112 1610 1236 1678 nullam

197 1709 355 1773 uirtutem
377 1710 443 1772 nisi
463 1710 622 1774 malitiam
643 1701 776 1794 putent:
806 1711 864 1775 nbi
893 1711 982 1774 enirn
1004 1711 1183 1788 beneficus,
1209 1712 1236 1776 ei

196 1830 295 1876 nemo
318 1813 451 1876 alterius
474 1835 571 1876 eausa
592 1815 735 1897 benigne
757 1813 855 1878 feeit?
888 1814 948 1878 nbi
969 1824 1093 1897 grume,
1119 1816 1235 1878 sinon

198 2067 275 2122 nulla
293 2069 405 2122 fortuna
422 2080 464 2123 est
536 2071 547 2121 1
568 2071 683 2126 colenda
703 2076 727 2130 (a
745 2089 805 2125 corr
823 2089 855 2125 ex
873 2077 929 2124 eut
941 2072 1090 2130 uideturssB
1118 2073 1234 2126 Lactan-

197 2155 250 2207 tiue
267 2153 337 2208 Inat.
359 2155 413 2208 diu.
431 2155 477 2209 VI
490 2157 531 2222 11,
554 2158 585 2209 14
603 2155 665 2226 Ipse
683 2155 808 2227 pluribus
826 2156 893 2210 loeis
912 2157 1020 2222 clamas,
1042 2158 1235 2212 mercenariam

196 2256 255 2293 non
274 2257 334 2294 aare
352 2240 498 2296 uirtutem:
518 2241 666 2313 faterisque
675 2241 703 2296 in
716 2241 792 2296 libris
809 2242 901 2312 legum
920 2250 1028 2296 tuarum
1045 2243 1235 2298 liberalitatem

195 2325 343 2394 gratuitam
368 2343 427 2380 ease
451 2327 494 2381 his
523 2327 629 2382 uerbis:
659 2345 718 2381 nec
745 2334 796 2381 eet
821 2319 968 2383 dubiuni
995 2328 1076 2399 quin
1104 2329 1147 2393 ie,
1178 2330 1236 2400 qui

196 2410 356 2466 liberalia
373 2413 619 2484 benignusque
644 2414 785 2478 dieitur,
811 2413 969 2467 officium
994 2431 1059 2468 non
1086 2413 1236 2468 fructum

197 2505 371 2566 aequatur.
404 2497 449 2566 Of.
469 2499 548 2552 etiam
560 2502 686 2570 proxima
704 2501 778 2570 apud
793 2501 962 2554 Lactantium
1066 2499 1236 2570 ebentgnus

196 2590 241 2635 eat
262 2585 359 2638 scilieet
384 2585 406 2638 is
430 2585 479 2654 qui
502 2584 638 2655 benignus
661 2591 716 2648 est,
742 2591 771 2638 ut
793 2603 840 2640 nee
857 2585 977 2656 benigna
1001 2603 1047 2641 trec
1070 2586 1094 2639 si
1118 2586 1165 2655 qui
1190 2605 1260 2639 nee*

195 2667 311 2739 benigni
324 2685 417 2725 sumus
425 2673 576 2740 ponendum
588 2671 636 2725 eit:
655 2671 714 2724 uide
726 2671 801 2740 infra
809 2689 837 2740 p.
850 2675 883 2724 44
895 2690 920 2724 u.
939 2673 966 2723 11
982 2671 1146 2726 infamiaena
1159 2679 1234 2726 metu

196 2789 255 2824 non
273 2789 333 2828 ease
351 2773 500 2844 petulantis
570 2792 653 2844 quom
671 2778 699 2830 A
714 2747 767 2851 liii
781 2775 809 2829 Β
897 2777 912 2826 5
930 2774 1041 2830 fructuli
1059 2793 1119 2830 corr
1135 2778 1190 2828 tir*
1208 2779 1235 2828 Α

195 2867 311 2950 11110τριῖ
327 2879 356 2932 Β
425 2877 492 2932 item
510 2877 742 2932 decemremem
759 2881 820 2934 AB
872 2878 980 2932 rusucra
998 2877 1061 2932 ΑΒ
1118 2879 1235 2948 6expe-

196 2963 232 3018 tit
250 2963 390 3016 debriaret
408 2980 540 3034 exprimit
556 2966 618 3019 AB
721 2963 806 3034 pmrl*
827 2965 941 3027 (uidetur
957 2964 1045 3033 pmrht
1054 2964 1150 3033 suisne)
1173 2967 1200 3016 Α

250 3071 304 3136 pen
322 3067 386 3120 AB·
486 3069 663 3133 lurrmtutb
681 3085 741 3120 corr
759 3067 949 3122 urrtuniaeB
1020 3068 1078 3120 tet
1097 3067 1112 3117 8
1130 3037 1188 3137 atim
1209 3069 1235 3122 Β
1326 3105 1328 3110 -

250 3170 489 3224 eemunumenuf
505 3188 565 3224 corr
579 3135 783 3248 ¹emoiumentrs
798 3173 826 3226 Β
845 3169 1072 3226 *embnlumenns
1097 3168 1114 3233 (l
1132 3189 1146 3222 e
1164 3188 1231 3232 οονν,

196 3256 302 3309 uidetur
319 3255 540 3308 aemonumenmf
547 3257 644 3324 fame)
655 3261 682 3310 Α
751 3257 847 3328 suapte
859 3262 887 3311 Α
906 3255 1001 3310 suabte
1019 3273 1079 3309 corr
1096 3255 1193 3326 suapte
1206 3259 1234 3312 Β

250 3340 278 3394 ui
296 3349 392 3411 suapte
410 3343 450 3394 ed.
467 3341 555 3395 Paria.
579 3341 644 3392 1538
663 3342 734 3411 'qnod
749 3343 844 3396 rectius
862 3349 956 3412 suapte
975 3341 1004 3394 ni
1021 3342 1103 3396 scribi
1110 3343 1233 3397 Moeerae

195 3427 306 3480 adnotat
375 3427 391 3477 9
410 3427 547 3497 expetitur
565 3427 705 3480 deteriores
723 3427 889 3498 expendrrur
905 3428 964 3482 AB
1035 3428 1146 3499 u1rtusq;
1165 3431 1194 3484 B

195 3519 320 3599 mahcra'a
338 3531 366 3585 Β
383 3529 491 3584 malicia
512 3533 535 3594 (c
553 3530 612 3584 corr
629 3529 657 3583 in
674 3532 696 3595 t)
715 3534 743 3584 Α
815 3505 991 3586 ltmax1i⁰⁰A
1016 3505 1235 3593 maxiietm'detnr

195 3636 277 3687 marn
286 3635 384 3702 suisne)
405 3635 434 3688 B
488 3634 514 3684 11
538 3605 689 3712 {noimodr'r
707 3634 736 3688 B
792 3633 897 3689 retem
917 3638 941 3698 (a
958 3637 1043 3719 eram)
1064 3638 1090 3688 A
1148 3607 1235 3699 12an

248 3737 315 3792 nuhr
333 3738 457 3803 meAB,
477 3739 546 3792 unde
563 3737 631 3790 nebel
646 3737 813 3808 efficiendum
852 3738 1009 3802 Lactantius
1025 3737 1092 3792 Inat.
1115 3738 1167 3792 dtu.
1195 3738 1237 3794 VI

199 3822 291 3886 1210
315 3821 390 3876 idem
413 3822 528 3889 (Cicero)
553 3823 654 3893 quippe
679 3821 730 3888 ait,
758 3830 790 3876 ut
814 3823 930 3894 quisque
955 3821 1071 3890 manime
1096 3823 1131 3876 ad
1155 3840 1234 3876 suum

197 3907 370 3964 commodum
395 3908 509 3974 referat,
544 3925 723 3978 quaeeunque
750 3908 821 3978 egit,
854 3909 892 3964 ita
918 3907 1030 3962 minime
1060 3925 1118 3961 erae
1144 3909 1233 3964 uirum

197 4009 297 4065 bonnm
422 4013 453 4066 1²
477 3986 560 4084 autqult
577 4015 605 4065 A
748 4026 792 4074 me
811 4008 892 4066 erunt
913 4015 934 4074 (e
953 4029 1014 4064 corr
1029 4011 1058 4064 in
1075 4014 1097 4072 τ)
1120 4013 1148 4066 Β

200 4096 229 4147 13
246 4101 354 4151 uinum
366 4099 395 4152 A
464 4098 572 4153 meliert
584 4099 612 4152 B
685 4099 716 4148 14
734 4096 782 4149 ubr
797 4123 827 4138 ·-
841 4101 883 4162 44,
899 4099 910 4148 1
926 4112 1001 4164 gran
1013 4098 1042 4151 iu
1055 4097 1108 4152 loeo
1120 4116 1196 4153 eraso
1206 4103 1232 4150 Α
