3024 4710
520 265 560 307 111
585 256 625 319 16,
643 255 676 306 36
699 281 742 292 -
767 256 807 319 17,
825 255 858 305 38
964 283 971 292 ·
1149 247 1208 308 157

17 485 18 498 χ
169 416 329 479 excitauit
350 415 441 479 mari.
468 439 505 479 ao
527 428 636 478 nostro
660 417 791 500 quidem
809 443 826 475 e
844 441 875 478 a.
894 415 947 479 cui
963 437 1037 478 cum
1052 437 1102 478 res
1126 425 1210 478 esset

168 519 210 581 ad
223 540 256 581 se
269 519 387 595 delata,
404 519 451 581 M.
467 519 606 582 Scaurus
622 519 738 582 consul
751 518 991 602 ‘utinamlquel’
1007 518 1127 602 inquit,
1147 519 1206 580 ίΜ.

17 627 19 720 p
166 621 294 698 Cicero,
318 622 381 685 isto
404 622 512 684 animo
541 632 637 705 atque
660 621 780 685 uirtute
809 623 845 684 in
868 645 993 685 summa
1023 644 1056 685 re
1078 621 1228 706 publiea¹

17 721 19 804 l
115 732 154 786 37
167 723 341 788 nobiscum
356 725 478 788 uersari
494 747 592 808 quam
613 726 649 787 in
671 725 863 809 municipali
886 725 1079 802 maluisses?
1110 747 1208 808 quarn

17 815 18 820 ἵ
166 828 209 890 ob
232 849 312 904 rem,
338 828 492 910 quoniam
506 851 574 891 non
597 828 858 911 recognoscimus
881 850 970 891 nuno
991 829 1079 912 leges
1095 827 1235 911 populi⁵

165 931 327 1007 Romani,
360 932 416 994 sed
445 942 502 994 aut
530 931 705 1014 repetimus
736 941 861 1014 ereptas
890 941 946 994 aut
968 953 1071 994 nouas
1094 930 1209 993 scribi-

166 1017 271 1110 muss
291 1056 359 1096 non
382 1034 462 1116 quid
491 1036 553 1097 hoc
580 1034 702 1117 populo
733 1033 871 1117 optineri
900 1033 1020 1117 possit,
1051 1034 1108 1096 sed
1131 1033 1210 1115 quid

167 1136 328 1220 optimum
358 1137 399 1199 sit
427 1137 487 1200 tibi
516 1137 691 1200 dicendum
720 1146 811 1218 puto.
855 1123 935 1199 nam
962 1136 1092 1200 Cassiae
1126 1131 1220 1218 legis

168 1237 298 1322 culpam
323 1239 431 1322 Scipio
455 1253 531 1304 tuus
555 1239 706 1317 sustinet,
732 1260 795 1322 quo
820 1249 949 1303 auctore
970 1239 1037 1303 lata
1059 1260 1129 1302 esse
1153 1239 1208 1301 di-

167 1341 262 1404 citur.
303 1352 355 1419 tu,
389 1343 416 1405 si
439 1342 639 1406 tabellariam
667 1342 796 1418 tuleris,
827 1343 896 1426 ipsc
925 1342 1102 1426 praestabis
1114 1368 1123 1418 ;
1148 1363 1209 1404 nec
1223 1357 1247 1398 to

169 1443 257 1506 enim
280 1443 363 1506 mihi
384 1444 492 1528 placet
513 1467 574 1508 nec
596 1445 705 1508 Attico
728 1455 856 1522 nostro,
890 1455 1049 1528 quantum
1072 1467 1090 1507 e
1113 1444 1210 1507 uultu

172 1546 242 1608 eius
265 1546 432 1630 intellego.

118 1653 162 1718 17
236 1652 391 1714 Armovs.
424 1649 509 1712 Mihi
532 1673 609 1714 uero
632 1651 717 1714 nihil
739 1672 893 1733 umquam
909 1648 1064 1733 populare
1086 1649 1210 1732 placuit

17 1789 18 1830 3
154 1769 303 1836 'eamque
330 1753 485 1836 optimam
514 1755 582 1816 rem
611 1753 777 1838 publicam
801 1774 870 1816 esse
904 1753 994 1830 dieo,
1030 1775 1128 1836 quam
1156 1752 1210 1815 hic

17 1837 19 1966 l
89 1838 96 1849 ⁸
166 1856 282 1918 consul
306 1856 527 1934 constituerat,
552 1879 634 1940 quae
657 1856 700 1919 sit
720 1857 756 1918 in
778 1866 937 1939 potestate
960 1856 1165 1939 optimorum.
1225 1874 1248 1915 15

17 1967 18 2034 l
123 1964 164 2020 38
233 1960 382 2022 Manovs.
422 1959 490 2022 Vos
514 1960 656 2042 quidem,
688 1970 726 2022 ut
748 1959 857 2036 uideo,
886 1959 993 2042 legem
1016 1959 1208 2043 antiquastis

170 2265 250 2317 greco
269 2251 297 2302 Β
315 2248 488 2327 inslspgaeo
511 2253 533 2330 tp
551 2253 579 2305 tn
597 2268 693 2304 rasura
710 2253 778 2314 corr)
798 2255 826 2304 A
929 2252 939 2302 1
961 2268 1095 2304 exorauit
1112 2253 1140 2304 Β

170 2333 281 2402 quidem
300 2351 347 2402 qur
365 2339 395 2387 oo
414 2336 477 2388 AB
529 2339 646 2406 affectas
669 2337 795 2390 indiciam
811 2337 886 2404 feci3
909 2343 976 2406 pato
999 2337 1154 2390 enim-leaeo
1171 2338 1209 2390 sie

161 2421 227 2488 fere
245 2425 356 2472 exarata
366 2423 455 2489 fnisse
473 2440 504 2475 ac
522 2430 617 2476 nostro
636 2422 747 2492 quidem
766 2423 830 2490 (auo
848 2439 975 2492 magnam
994 2439 1026 2474 ea
1048 2439 1092 2476 res
1118 2421 1209 2475 attulit

167 2504 297 2571 laudem).
324 2505 447 2559 cuicum
466 2513 513 2562 oet.
606 2508 722 2562 marino
741 2515 834 2562 nostro
853 2507 973 2577 quidem.
1006 2507 1072 2576 quoi
1090 2524 1151 2560 oum
1171 2509 1207 2560 R.

168 2591 315 2659 Stephanus
328 2591 404 2644 mori.
430 2611 461 2646 ac
479 2600 573 2647 nostro
592 2594 702 2664 quidem
721 2611 773 2646 auo
792 2611 853 2647 oum
866 2594 1009 2648 Menzanae
1079 2595 1094 2644 2
1113 2593 1148 2646 ad
1166 2610 1210 2646 se·

168 2684 263 2729 notum
281 2679 438 2747 Madatyins
459 2681 526 2748 Opp.
547 2679 588 2730 II
605 2681 653 2731 165
795 2678 885 2733 delato
908 2677 947 2732 M.
969 2679 1085 2734 Scaurus
1103 2678 1208 2732 Battus

169 2777 288 2831 delatam
308 2778 417 2832 scaurus
432 2783 460 2834 Β
478 2768 572 2834 delati
591 2781 701 2838 scaurus
720 2784 785 2851 (fleti
804 2781 902 2846 delati)
925 2787 952 2836 A
1039 2781 1133 2834 consul
1152 2781 1208 2833 uti-

169 2880 233 2917 nam
250 2865 374 2919 edtta'ones
392 2865 486 2922 consul
504 2867 608 2938 unnim
627 2871 654 2921 A
673 2867 793 2922 consulu
813 2875 901 2938 noque
914 2869 942 2920 Β
1021 2866 1127 2920 utinam
1146 2865 1207 2935 qui·

169 2947 231 3001 dem
249 2951 371 3004 Mosarna
475 2953 568 3021 inquit
589 2956 611 3017 (τ
629 2971 642 3004 e
661 2957 727 3018 corr)
749 2957 776 3006 A
888 2951 1207 3022 31statammoB1lto

171 3051 262 3104 animo
279 3055 326 3106 sed
343 3072 358 3106 o
377 3055 405 3106 tn
423 3071 515 3108 ammo
534 3077 547 3108 e
565 3074 625 3110 corr
642 3061 667 3109 A
773 3028 862 3126 orique
880 3059 908 3109 A
1013 3053 1095 3125 tqnl
1111 3058 1138 3108 A

171 3140 486 3208 opnnereBopnnere
506 3159 620 3211 corner]
640 3143 668 3193 A
739 3143 919 3210 Sobtumum
938 3145 965 3196 B
1041 3140 1212 3210 oalsraslegrl

175 3243 199 3301 (a
217 3258 275 3293 corr
293 3240 322 3294 ta
341 3258 373 3304 ae,
389 3249 458 3310 pato
476 3242 559 3297 callia
577 3244 767 3314 elegissetisse)
790 3250 816 3299 A
887 3247 902 3296 9
921 3218 956 3314 q'o
978 3245 1045 3313 (fnit
1062 3247 1102 3307 co)
1124 3247 1151 3296 A

172 3327 204 3376 to
222 3325 360 3395 prestabis
375 3330 403 3381 B
474 3329 502 3378 ll
524 3346 675 3398 quantome
687 3330 810 3384 uultulei
823 3332 851 3385 B
863 3328 1212 3399 quantumseuultuserul

173 3413 196 3474 (e
215 3417 275 3464 ante
292 3429 330 3464 uu
347 3431 361 3464 e
379 3428 446 3478 coer,
460 3415 520 3480 snit
538 3433 688 3484 quantume
707 3415 806 3469 uultus
821 3414 892 3481 erus}
914 3416 949 3466 >4¹
1025 3415 1055 3466 13
1075 3414 1209 3467 n1h1lsum

170 3529 252 3582 quam
274 3516 340 3584 [fnit
358 3515 492 3581 mhrllum)
515 3521 543 3570 A
562 3517 650 3571 mhrhi
667 3537 686 3592 q
703 3521 732 3572 Β
836 3518 969 3588 popularia
984 3521 1012 3572 B
1030 3504 1162 3588 populari
1181 3521 1208 3570 A

239 3591 374 3687 plionia
457 3622 487 3670 14
506 3625 538 3672 ea
556 3627 611 3690 qua
630 3623 656 3675 Β
738 3639 872 3692 optimam
894 3625 919 3692 (p
938 3640 998 3674 eon·
1016 3639 1047 3674 en
1065 3621 1090 3685 b)
1112 3624 1140 3674 A

171 3720 203 3770 15
222 3719 428 3775 constituerant
446 3725 474 3776 Β
491 3717 696 3796 constituerant
715 3727 740 3776 A
824 3743 852 3778 m
871 3722 1015 3794 potestate
1032 3725 1060 3776 B
1077 3742 1107 3776 m
1125 3741 1209 3794 pore-

170 3807 242 3875 starie
260 3826 288 3876 A
344 3825 493 3879 Ciceronem
505 3844 565 3880 esse
577 3827 606 3880 in
618 3834 781 3897 potestatem
796 3828 901 3892 atteiam,
917 3829 1006 3897 qualia
1016 3830 1131 3896 sacrant
1147 3829 1209 3881 otene

168 3909 215 3978 qut
225 3907 380 3978 probarent,
406 3909 481 3966 hodie
499 3914 599 3966 canini
611 3915 802 3983 persuadetur:
829 3916 865 3973 ef.
886 3915 1041 3983 Madniqtns
1064 3915 1208 3967 Emendat.

167 4031 277 4086 Maian
292 4033 361 4102 μθ
456 4035 487 4085 16
505 4050 556 4086 uos
574 4033 684 4103 quidem
706 4033 840 4088 Tarracina
857 4007 975 4103 uoldeni
997 4036 1059 4089 AB
1138 4035 1209 4089 onti-
