2990 4720
565 1577 860 1664 Praefatio.

262 1859 463 1941 Emendatio
486 1869 643 1933 librorum
667 1868 707 1930 de
729 1866 857 1950 legibus
880 1865 944 1930 fide
974 1866 1113 1930 duorum
1143 1863 1232 1930 codi-

195 2012 270 2055 cum
292 1991 526 2057 Vossianorum
547 1987 675 2065 nititur,
711 2007 849 2070 quorum
871 1985 928 2070 qui
950 1997 1053 2052 aetate
1075 1987 1161 2072 prior
1184 1997 1233 2050 est

199 2111 360 2195 (84=A)
395 2112 436 2174 ab
466 2130 577 2172 aarum
610 2128 719 2171 rerum
748 2107 860 2192 peritis
894 2106 1067 2170 undecimo
1102 2105 1231 2170 saeculo

177 2231 333 2314 scriptus
356 2229 485 2308 dicitur,
511 2228 590 2292 altar
618 2226 778 2311 (86:13)
806 2226 1009 2292 duodecimo.
1057 2247 1111 2290 eos
1131 2225 1232 2290 libros

193 2349 385 2415 liberalitate
401 2349 546 2414 uirorum
560 2347 923 2434 praestantissimorum,
944 2346 1001 2432 qui
1015 2346 1232 2412 bibliothecae

194 2469 416 2534 uniuersitatis
439 2469 608 2536 Leidensis
634 2477 807 2554 praesunt,
839 2466 904 2530 huc
932 2469 1137 2532 transmissos
1159 2478 1233 2551 post

194 2590 334 2655 Bakium
345 2589 580 2673 Halmiumque
597 2589 706 2654 denuo
717 2588 846 2652 excussi
857 2588 1105 2671 testimoniaque
1120 2608 1235 2651 eorum

193 2711 290 2794 plene
324 2721 358 2774 et
390 2709 563 2793 diligenter
596 2709 742 2795 exposui.
795 2729 933 2791 quorum
965 2708 1121 2772 librorum
1157 2729 1233 2772 cum

191 2830 403 2894 recentiorem
426 2851 494 2896 non
516 2851 586 2894 esse
608 2851 649 2893 ex
672 2829 772 2894 altero
794 2830 991 2915 descriptum
1011 2840 1097 2894 certa
1111 2829 1235 2893 indicia

193 2951 359 3028 euincunt,
384 2963 455 3014 tum
478 2971 520 3016 ex
542 2950 656 3014 eodem
678 2949 770 3014 fonte
792 2950 905 3014 ambos
925 2969 1073 3015 manasse
1092 2950 1233 3034 insignis

194 3091 306 3134 eorum
339 3071 375 3134 in
407 3071 558 3136 maximis
591 3069 800 3154 minimisque
834 3070 1012 3136 similitudo
1044 3070 1228 3156 persuadet.

194 3191 251 3253 sed
279 3203 415 3276 uterque
446 3191 548 3256 codex
579 3212 675 3254 suum
696 3201 850 3276 expertus
871 3201 921 3257 est
937 3202 1163 3254 correctorem.
1212 3213 1232 3254 a

192 3311 311 3393 quibus
335 3332 417 3394 quae
439 3311 584 3396 profecta
606 3320 695 3388 sunt,
720 3310 800 3374 adeo
822 3311 907 3376 inter
923 3333 957 3376 se
973 3311 1171 3394 conspirant,
1196 3321 1233 3374 ut

192 3450 230 3492 ea
253 3451 381 3514 quoque
405 3432 543 3494 eandem
565 3430 789 3516 praeseferre
806 3431 965 3516 originem
981 3431 1165 3496 uideantur.
1200 3441 1232 3495 et

190 3551 388 3614 Vossianum
410 3554 440 3616 A
463 3551 596 3634 quidem
619 3551 677 3635 qui
698 3551 911 3637 perpnrgauit
932 3552 1042 3615 nescio
1066 3573 1131 3635 quo
1159 3551 1231 3616 ele-

189 3671 320 3754 gantiae
343 3671 452 3736 studio
475 3672 593 3736 ductus
615 3672 759 3736 radendo
774 3671 842 3736 fere
858 3670 1040 3756 primitiuas
1057 3672 1231 3756 scripturas

190 3791 312 3855 deleuit
334 3803 367 3856 et
395 3792 453 3856 ubi
482 3790 537 3856 uel
565 3791 692 3858 litterae
721 3791 906 3878 syllabaeue
935 3792 1134 3858 correctione
1166 3791 1230 3855 de-

188 3909 283 3996 fungi
304 3921 425 3995 posset‚
451 3933 547 3996 saepe
570 3923 638 3978 tota
658 3912 819 3977 uocabula
843 3913 972 3976 abrasit.
1013 3912 1230 3975 uerecundius

188 4029 319 4094 alterius
341 4029 416 4094 libri
439 4043 597 4098 corrector
620 4053 751 4116 operam
772 4034 808 4097 in
831 4055 869 4098 ea
890 4031 1090 4115 resumpsit,
1115 4033 1230 4115 inquo
1348 4019 1349 4024 ἵ
