3016 4714
599 312 625 354 11
650 304 690 369 10,
708 304 833 356 23-24
905 331 907 336 ,
1198 297 1234 362 81

196 482 331 525 necesse
355 483 424 526 esse
448 473 600 546 optumae
622 464 669 527 rei
692 465 842 548 publicae
870 465 959 550 leges
991 466 1066 529 dare
1096 487 1239 531 consen-

198 561 333 626 taneos?

266 666 429 736 varvs,
474 668 579 732 Immo
601 690 732 752 prorsus
754 670 800 733 ita
821 691 949 734 censeo.

264 767 415 832 Mmcvs.
462 769 548 853 Ergo
579 772 659 835 adeo
689 781 855 856 expectate
884 771 992 855 legen,
1024 793 1106 856 quae
1134 794 1238 856 genus

196 869 283 933 illud
310 881 483 954 optumum
510 874 558 936 rei
586 874 737 958 publicae
763 875 970 952 contineant,
1009 886 1059 952 et,
1099 876 1128 940 si
1157 893 1265 960 quae⁵

199 971 282 1036 forte
305 995 324 1036 a
345 995 399 1037 me
420 975 518 1039 hodie
540 977 759 1060 rogabuntur,
791 999 873 1060 quae
895 999 963 1042 non
986 977 1052 1042 sint
1073 979 1109 1042 in
1130 989 1241 1044 nostra

199 1097 235 1138 re
257 1074 389 1159 publica
410 1098 471 1140 nec
493 1077 632 1157 fuerint,
657 1090 767 1143 tamen
790 1090 886 1144 erunt
907 1079 975 1144 fere
997 1080 1032 1143 in
1054 1102 1143 1146 moro
1165 1103 1240 1145 rna-

199 1178 317 1256 iorum,
341 1179 399 1261 qui
421 1189 492 1242 tum
514 1190 551 1244 ut
571 1181 626 1246 lex
647 1182 788 1246 ualebat.

143 1291 191 1348 24
267 1283 424 1346 Arrrcvs.
473 1281 581 1346 Suada
602 1284 714 1368 igitur,
744 1286 772 1348 si
794 1286 910 1370 placet,
942 1287 1039 1350 istam
1060 1287 1166 1371 ipsam
1187 1287 1241 1351 le-

198 1404 286 1467 gem,
312 1394 349 1448 ut
371 1405 431 1468 ego
453 1385 529 1448 ‘utei
556 1387 614 1469 [tu]
640 1387 743 1471 rogas’
766 1389 888 1472 possim
911 1388 1027 1453 dicere.
1255 1405 1279 1446 10

266 1487 416 1551 Mnacvs.
442 1487 509 1550 Ain
525 1489 669 1566 tandem,
687 1491 807 1568 Attice,
825 1513 893 1556 non
909 1512 943 1554 es
959 1491 1104 1555 dicturus
1127 1491 1240 1555 aliteri
1356 1521 1358 1524 ·

265 1591 421 1654 Armcvs.
461 1591 596 1654 Prorsus
611 1592 767 1656 maiorem
789 1593 920 1676 quidem
942 1615 1010 1656 rem
1025 1593 1151 1656 nullam
1174 1594 1242 1656 sci-

198 1711 288 1754 scam
311 1692 415 1770 aliter,
439 1693 476 1758 in
498 1695 691 1771 minoribuS,
716 1693 744 1758 si
766 1695 870 1772 ucles,
900 1696 1061 1759 remittam
1084 1695 1146 1759 hoo
1168 1696 1239 1759 tibi.

267 1795 429 1862 varvs.
476 1796 592 1880 Atque'
607 1818 680 1860 mea
701 1798 833 1880 quidem
855 1797 965 1861 eadem
995 1798 1157 1862 sententia
1179 1808 1238 1862 est.

266 1898 415 1961 MARcvs.
463 1899 520 1975 At,
544 1921 587 1962 ne
609 1900 746 1984 longum
768 1901 836 1978 fiat,
861 1900 982 1964 uidete.
1255 1917 1280 1958 1⁵

267 2000 423 2064 Arrrcvs.
441 2001 577 2065 Utinam
592 2003 739 2086 quidem!
760 2002 839 2086 quid
852 2003 940 2066 enim
954 2022 1049 2086 agere
1064 2003 1240 2068 malumus?

266 2102 417 2166 Menova.
466 2103 562 2168 Casto
585 2105 677 2168 iubet
692 2106 748 2168 lex
764 2105 852 2168 adire
875 2105 916 2168 ad
939 2105 1028 2182 deos,
1053 2105 1161 2171 animo
1183 2106 1241 2169 ui-

196 2204 336 2283 delicet,
372 2207 409 2270 in
438 2229 502 2290 quo
529 2220 607 2272 sunt
643 2207 771 2285 omnia;
810 2229 871 2271 nec
899 2207 984 2270 tollit
1018 2207 1242 2272 castimoniam

197 2308 355 2393 corporis,
382 2310 439 2372 sed
461 2309 523 2373 hoc
545 2320 671 2393 oportet
692 2309 854 2394 intellegi,
879 2330 978 2392 quom
1000 2310 1141 2374 multum
1165 2311 1241 2376 ani-

194 2432 274 2474 mus
306 2412 431 2496 corpori
453 2421 594 2497 praestet
623 2414 896 2496 obserueturquo,
926 2423 964 2475 ut
991 2422 1078 2476 casta
1106 2433 1240 2496 corpora
1253 2427 1278 2470 20

196 2514 429 2592 adhibeantur,
450 2515 554 2578 multo
570 2536 640 2578 esse
661 2514 698 2578 in
714 2515 830 2578 animis
853 2514 888 2578 id
903 2515 1101 2578 cantandum
1116 2515 1237 2598 magis:

197 2701 259 2756 εἶτα
276 2704 339 2757 ΑΒ
421 2700 591 2756 unornane
613 2700 694 2756 imile
713 2706 850 2775 optumi*
867 2706 895 2758 A
988 2702 1038 2756 rlla
1056 2703 1083 2755 Β
1170 2719 1241 2756 non-

199 2769 344 2881 necellefee
362 2806 390 2858 A
408 2770 671 2860 nonnecefsesilirr
688 2806 735 2860 aed
752 2805 766 2858 1
781 2812 842 2860 ante
860 2823 983 2860 rasuram
1001 2823 1086 2859 ecorr
1159 2810 1240 2876 top·
1322 2801 1324 2804 '

194 2923 279 2961 tume
298 2909 326 2960 A
344 2924 450 2986 optrmp
469 2909 497 2962 B
567 2909 582 2960 3
600 2881 705 3009 prorurd
706 2910 734 2962 A
751 2907 863 2979 prorsus
872 2909 900 2962 B
987 2914 1002 2960 1
1022 2905 1197 2977 exspectatae
1213 2909 1241 2962 B

203 3011 258 3077 (ric)
315 3013 330 3060 5
355 3009 434 3064 rllum
453 3028 513 3065 corr
530 3009 568 3063 ud
585 3012 613 3064 A
636 3010 753 3082 111nt
828 3027 963 3080 optimum
982 3010 1010 3063 B
1079 3007 1194 3090 tisonp
1212 3011 1240 3063 A

257 3118 288 3167 10
306 3115 347 3168 uti
365 3129 446 3183 rogos
467 3113 602 3167 Turnebus
619 3112 676 3167 utei
694 3129 774 3183 rogas
795 3115 925 3166 Garama
948 3109 1009 3165 ut&
1027 3129 1063 3165 tu
1080 3109 1163 3181 rogel
1178 3113 1241 3166 AB

199 3198 260 3254 utei
277 3205 309 3254 tu
325 3215 407 3268 rogas
420 3199 557 3266 Deouana,
576 3198 624 3253 red
639 3204 670 3252 tu
688 3199 716 3252 in
734 3217 765 3252 ea
775 3199 899 3269 formala
917 3198 1032 3252 alienam
1049 3197 1082 3250 ab
1099 3215 1148 3252 aaa
1164 3197 1240 3252 uide-

199 3293 246 3340 tur
315 3282 422 3355 possam
441 3284 529 3340 drcere
549 3301 609 3339 corr
626 3281 726 3354 pollrm
744 3283 850 3338 edrcere
868 3285 897 3336 A
914 3281 1019 3354 possem
1044 3287 1112 3349 (corr
1129 3281 1238 3354 pollrmJ

199 3389 309 3444 edicere
327 3389 355 3442 B
410 3388 438 3440 11
458 3386 573 3441 tanede
602 3387 669 3456 (fait
697 3387 830 3452 tamdem)
849 3389 877 3440 A
894 3386 990 3440 rodem
1013 3404 1072 3441 corr
1094 3360 1190 3440 fidem
1214 3387 1242 3440 B

255 3488 306 3544 el*
333 3491 400 3561 [suit
417 3487 467 3555 eft)
489 3491 517 3543 A
541 3491 634 3542 iecra
652 3487 682 3542 el
702 3490 730 3542 Β
851 3463 906 3543 alst
924 3489 952 3543 Β
1006 3489 1036 3542 12
1055 3488 1166 3560 prorsus
1181 3491 1243 3544 AB

258 3597 289 3647 14
307 3592 403 3647 eadem
430 3591 533 3646 addidit
556 3592 712 3693 Madup'piae
737 3590 851 3648 Emead.
876 3610 906 3662 p.
929 3592 962 3644 64
1052 3592 1083 3643 15
1106 3565 1141 3662 al
1163 3594 1191 3645 A

204 3698 236 3750 17
255 3695 349 3766 odrdre
367 3696 396 3749 Β
419 3694 522 3749 adure
540 3696 568 3750 A
638 3693 723 3750 adeol
736 3697 765 3750 A
836 3695 868 3747 19
891 3691 1109 3765 ὴοοιιοροηᾶ
1135 3696 1161 3760 (o
1183 3699 1243 3764 poet

200 3783 310 3838 tiaram
330 3803 344 3835 e
361 3785 428 3848 corr)
444 3783 472 3835 A
528 3798 611 3851 quom
629 3785 656 3834 A
675 3797 736 3833 oum
754 3783 783 3835 B
852 3781 885 3833 20
898 3780 1004 3850 corpori
1022 3781 1162 3835 deteriores
1181 3797 1241 3834 cor·

202 3884 270 3938 pore
287 3870 350 3922 AB
419 3865 582 3921 obseruetur
600 3883 668 3936 quae
686 3869 749 3921 AB
823 3865 899 3920 calta
917 3883 1031 3937 corpora
1056 3865 1243 3920 adhrbeanrur

205 3971 372 4024 Homnae
394 3944 467 4047 instit
489 3944 602 4045 corpori
626 3966 759 4046 adlrrlreai
777 3972 804 4024 Β
829 3943 905 4045 casti}
923 3942 1035 4044 corpori
1053 3967 1244 4022 odeareatur

205 4070 262 4137 {aas
278 4089 382 4127 cortex
395 4069 443 4139 las)
459 4075 486 4124 A
541 4074 569 4125 21
588 4071 643 4126 else
662 4072 826 4126 Haterianus
844 4077 882 4124 *e
904 4068 1023 4139 (11111811
1045 4071 1073 4124 Β
1091 4067 1134 4123 est
1151 4069 1179 4123 in
1197 4087 1245 4123 ra-

1072 4177 1088 4225 6
