3018 4718
621 327 699 389 122,
716 325 842 377 57-58
1208 321 1244 381 51

154 440 204 590 ἓξ
275 485 433 547 Arrrcvs.
481 487 526 548 At
549 507 609 568 ego
631 486 697 549 huc
719 486 922 550 declinabam
943 509 1004 550 nec
1024 487 1162 552 inuitus.

277 587 441 653 ernrvs.
496 588 624 651 Licebit
657 589 753 652 alias:
790 610 880 652 nunc
912 591 946 654 id
974 611 1127 673 mamus,
1163 593 1250 674 quod

209 690 390 772 coepimus
415 712 515 773 quom
536 691 726 774 praesertim
756 692 797 757 ad
823 692 859 754 id
880 693 965 756 nihil
986 693 1147 776 pertineat
1169 695 1248 758 haec

209 795 252 856 de
275 814 401 856 summo
423 793 510 856 malo
532 793 684 876 bonoque
707 793 877 858 dissensio.

275 897 426 959 Manava.
473 897 743 974 Prudentissime,
768 897 911 974 Quinte,
943 899 1042 974 dicis3
1066 921 1143 962 nam
1165 917 1276 982 quaet

209 1020 230 1060 a
258 1019 312 1061 me
341 999 448 1061 adhuc
475 1000 561 1063 dicta
590 1009 667 1062 sunt
697 1025 715 1058 a
745 1025 763 1057 s
793 1010 825 1062 te
854 1001 995 1085 Lycurgi
1021 1001 1111 1084 leges
1143 1023 1249 1084 neque

210 1100 342 1164 Solonis
372 1123 479 1184 neque
508 1102 700 1166 Charondae
736 1124 842 1185 neque
872 1104 1005 1168 Zaleuci
1033 1126 1094 1168 nec
1123 1116 1250 1168 nostras

208 1205 384 1268 duodecim
399 1205 527 1268 tabulas
542 1227 604 1268 nec
618 1205 789 1288 plebiscita
804 1204 963 1284 desidero,
982 1207 1039 1270 sed
1054 1218 1086 1272 te
1099 1207 1249 1272 existimo

210 1329 288 1370 cum
310 1307 441 1391 populis
464 1319 535 1372 tum
552 1308 650 1371 etiam
666 1307 805 1390 singulis
820 1307 978 1372 hodierno
996 1331 1144 1376 sermone
1159 1312 1248 1394 leges

209 1410 351 1473 uiuendi
374 1421 406 1472 et
428 1411 635 1494 disciplinam
658 1411 820 1474 daturum.
1264 1399 1289 1472 io

155 1515 197 1572 58
277 1513 428 1577 Mnnovs.
487 1515 546 1578 Est
584 1513 683 1576 huius
717 1535 794 1577 uero
828 1514 1075 1597 disputationis,
1111 1516 1247 1594 Quinte,

208 1616 380 1699 proprium
402 1616 448 1692 id,
473 1618 560 1700 quod
583 1628 746 1700 expectas
771 1628 868 1699 atque
890 1617 1016 1680 utinam
1047 1628 1131 1682 esset
1154 1618 1249 1680 etiam

207 1717 376 1781 facultatis
403 1740 507 1782 meae.
552 1721 609 1782 sed
641 1719 784 1802 profecto
817 1720 863 1782 ita
898 1742 932 1783 se
967 1741 1017 1784 res
1045 1720 1163 1797 habet,
1199 1731 1248 1798 ut,

208 1821 367 1904 qnoniam
401 1821 558 1885 uitiorum
591 1822 841 1886 emendatricem
873 1823 980 1905 legem
1018 1843 1087 1886 esse
1125 1834 1250 1905 oportet

207 1924 581 2006 commendatricemque
610 1925 782 2001 uirtutum,
814 1926 854 1987 ab
884 1947 921 1988 ea
944 1926 1081 1990 uiuendi
1103 1925 1248 1989 doctrina
1264 1953 1289 1992 rs

208 2027 359 2090 ducatur.
407 2027 453 2090 ita
487 2027 525 2089 fit
559 2037 595 2090 ut
623 2039 726 2091 mater
767 2028 913 2090 omnium
946 2028 1106 2092 bonarum
1141 2049 1249 2092 rerum

267 2289 335 2384 lad
351 2317 408 2370 AB
515 2282 553 2393 iii
567 2319 596 2371 Β
702 2292 873 2396 3οξερ1111111
885 2321 912 2370 A
931 2317 1025 2386 ceprm’
1046 2321 1074 2373 B
1178 2336 1251 2396 nunc

208 2417 248 2490 qd
270 2420 431 2489 presterum
453 2420 480 2473 Β
495 2419 498 2488 l
513 2435 597 2470 *aa*
625 2421 700 2489 quod
717 2420 847 2489 plenis*
864 2425 890 2474 A
913 2437 969 2474 non
993 2420 1068 2489 quod
1091 2422 1251 2490 praesertim

207 2506 376 2560 Haterianus
400 2521 485 2574 quum
507 2506 558 2568 (uel
580 2511 648 2570 cum)
675 2505 835 2576 praesertim
854 2507 980 2560 editiones
1066 2505 1164 2576 njshrl
1186 2508 1252 2576 (suit

209 2607 299 2669 mrhrll
320 2611 347 2660 A
471 2583 597 2661 ademit
614 2613 642 2663 A
732 2610 825 2679 inam
845 2625 905 2662 corr
921 2613 988 2678 aad
1007 2608 1034 2660 B
1127 2608 1252 2662 tdrcara

210 2711 277 2764 lunt
290 2685 325 2763 ”reec
343 2709 450 2780 lucurgr
468 2713 495 2762 A
514 2710 589 2765 dicta
606 2711 671 2764 lunt
687 2686 875 2788 ieelucurg1B5
895 2713 968 2764 tenui
983 2728 1041 2764 euna
1057 2712 1176 2764 Tuaneto
1192 2713 1252 2780 pri-

208 2813 331 2866 mitauam
349 2811 521 2882 scemenum,
546 2831 603 2868 cuna
622 2815 733 2869 editores
741 2817 806 2884 fere
823 2820 966 2868 correctam
987 2815 1105 2884 amplexi
1118 2814 1185 2867 sint:
1206 2815 1253 2866 sed

209 2899 286 2952 illam
305 2899 397 2952 licebat
416 2900 461 2952 uel
472 2901 510 2954 sic
527 2901 642 2954 orationi
658 2887 852 2954 accommodare
874 2900 979 2970 (neque
998 2916 1064 2953 uero
1090 2915 1142 2968 ego
1155 2897 1199 2964 a)
1223 2905 1251 2952 te

209 2983 330 3053 Lycingi
355 2983 450 3053 leges.
468 3025 473 3035 .
493 2982 627 3038 desidero.
681 2987 862 3056 supplementa
885 3003 995 3038 naneae
1018 2984 1158 3047 orationis,
1186 2999 1251 3052 quac

214 3069 351 3123 Turnebus
375 3071 514 3138 eademque
539 3071 684 3125 Lambinus
706 3071 820 3135 hubent,
852 3069 931 3124 niatu
946 3076 1023 3122 sunt:
1057 3075 1169 3122 ceterum
1199 3087 1252 3122 non

210 3156 294 3208 11ιαί111
320 3157 444 3209 uidentur
466 3156 627 3210 intercidisse
651 3162 676 3210 et
699 3175 730 3209 ea
753 3159 880 3221 manime,
914 3156 1003 3225 quihus
1026 3156 1152 3220 Murcus,
1186 3172 1253 3224 quae

211 3240 334 3310 deinceps
352 3242 543 3294 consideranda
560 3243 626 3305 sint,
647 3242 836 3311 siqnificauera't
853 3262 882 3296 eo
892 3245 958 3312 fere
975 3241 1060 3305 modo,
1080 3259 1130 3310 quo
1147 3240 1168 3292 I
1178 3245 1202 3303 5,
1221 3243 1250 3292 l'l

209 3325 314 3378 scutit:
342 3325 554 3379 considerandae
579 3325 670 3396 leges,
697 3327 795 3396 quibus
818 3327 942 3381 ciuitates
961 3326 1020 3395 regi
1038 3324 1171 3391 debeant,
1193 3333 1251 3378 tum

210 3411 280 3464 haec
304 3411 462 3475 tractanda,
487 3427 557 3480 quae
581 3412 723 3484 conposita
746 3420 810 3466 sunt
835 3420 863 3466 et
885 3411 1020 3482 descripta
1045 3412 1104 3466 iura
1128 3419 1155 3464 et
1179 3415 1252 3465 iussa

210 3495 396 3564 populorum,
428 3496 457 3550 in
487 3497 588 3566 quibus
617 3513 651 3551 ne
675 3498 764 3551 nostri
787 3497 898 3567 quidem
918 3497 1013 3568 populi
1037 3497 1161 3551 latebunt
1182 3513 1251 3566 quae

211 3589 348 3634 uocantur
366 3581 424 3635 iura
442 3581 533 3636 ciuilia
672 3585 684 3632 t
705 3583 815 3638 Zaleuci
833 3584 957 3637 editiones
975 3582 1073 3636 seleuci
1088 3585 1148 3638 AB

212 3657 500 3756 deodecrmtubailal
509 3688 537 3738 A
559 3685 610 3750 (sic)
723 3652 866 3756 plebiscrta
883 3690 910 3740 A
999 3683 1153 3750 exajrrumo
1172 3689 1200 3738 A

211 3785 351 3856 9leg1sA
370 3787 440 3856 legrl
456 3805 516 3841 corr
533 3789 597 3843 elB
686 3790 713 3839 11
736 3775 801 3842 ueri
819 3807 879 3842 corr
896 3806 962 3842 uero
980 3792 1008 3841 A
1082 3803 1207 3857 qurnste
1225 3792 1252 3841 A

212 3861 293 3957 quire
311 3892 340 3944 Β
412 3891 443 3942 13
461 3889 608 3944 facultates
624 3908 683 3945 corr
700 3892 725 3943 11
740 3893 769 3945 Β
845 3890 892 3943 sed
909 3890 1074 3945 Heinsianus
1098 3890 1119 3943 11
1137 3892 1200 3945 ΑΒ

213 3955 244 4044 ri
254 3996 281 4046 A
300 4009 329 4046 re
342 4010 402 4046 corr
415 3993 458 4046 res
467 3995 495 4048 B
550 3994 580 4044 15
603 3992 914 4062 commendamcemque
926 3995 1090 4048 Heinsiunus
1103 4009 1255 4046 conmean-

214 4095 271 4163 ciq3
290 4096 318 4149 B
343 4097 572 4166 canonicamque
596 4113 656 4150 corr
680 4100 711 4150 co
734 4099 760 4149 A
845 4098 875 4148 16
894 4071 992 4160 borda
1006 4100 1034 4150 A
1060 4095 1169 4150 bononi
1193 4113 1253 4150 carr

1058 4197 1095 4248 4*
