2990 4720
312 292 346 337 v1

311 455 420 508 autem
444 443 615 520 editorum,
642 443 697 525 qui
720 443 777 506 illo
801 441 928 508 saeculo
950 441 1013 505 hoc
1033 463 1114 525 opus
1129 441 1349 524 peculiaribus

309 564 429 628 libellis
458 563 620 628 edendum
648 572 859 638 curauerunt,
898 582 995 626 nemo
1029 561 1145 625 melius
1177 563 1216 626 de
1251 584 1288 626 eo
1316 573 1349 625 et

310 684 514 748 emendando
538 695 571 746 et
593 683 772 746 enarrando
794 680 926 746 meritus
949 693 998 744 est
1017 680 1163 746 Adriano
1178 682 1342 748 Tumebo.

310 803 402 866 cuius
425 813 489 866 tres
513 801 672 868 editiones
695 801 775 866 mihi
798 812 926 884 praesto
949 801 1101 878 fuerunt,
1134 802 1239 885 prima
1260 823 1349 866 anno

307 942 493 988 unxxxvlu
522 922 555 984 h.
582 944 611 987 e.
649 921 761 986 eodem
801 943 864 1004 quo
904 921 1038 985 Roberti
1072 921 1231 1004 Stephani
1263 921 1349 984 liber

309 1043 437 1120 emissa,
470 1053 508 1106 ut
528 1042 593 1108 utri
616 1062 726 1106 eorum
750 1041 895 1126 egregias
918 1043 1073 1124 quasdam
1101 1042 1346 1105 emendationes

308 1163 429 1226 tribuas
452 1162 488 1225 in
510 1161 664 1245 ambiguo
687 1162 748 1238 sit;
778 1183 815 1224 ea
846 1161 946 1225 editio
968 1183 1036 1224 non
1059 1163 1157 1226 uerba
1179 1162 1345 1226 Ciceronis

307 1283 364 1346 sed
395 1282 662 1348 commentarium
692 1291 820 1344 tantum
842 1281 988 1346 Tmnebi
1017 1281 1186 1367 complexa
1212 1282 1345 1346 editoris

308 1423 429 1466 nomen
451 1401 487 1464 in
509 1403 652 1485 praefixo
674 1401 852 1466 acrosticho
882 1410 971 1466 tenet
978 1425 987 1478 3
1022 1402 1164 1466 secunda
1190 1423 1217 1465 a.
1244 1422 1344 1466 unnn

308 1533 340 1585 et
363 1522 457 1584 tertia
478 1543 507 1584 a.
533 1541 656 1586 unnvu
671 1521 838 1586 Ciceronis
860 1520 944 1584 libro
966 1543 986 1584 a
1000 1520 1154 1586 Tumebo
1177 1521 1344 1605 recognito

307 1641 453 1706 eiusdem
476 1631 721 1708 commentarios
744 1651 903 1707 correctos
926 1650 959 1705 et
981 1651 1092 1706 auctos
1114 1641 1301 1706 subiiciunt.

368 1761 462 1826 Nihil
485 1762 556 1826 dico
579 1763 619 1825 de
642 1760 857 1826 recentiorum
880 1761 1065 1826 criticorum
1083 1762 1180 1840 curis,
1205 1783 1343 1846 quorum

306 1881 385 1944 inde
400 1903 419 1945 a
433 1881 571 1946 Dauisio
587 1880 670 1944 alius
685 1880 760 1963 plus
783 1881 858 1957 alio,
883 1901 980 1944 nemo
1002 1901 1069 1944 non
1091 1881 1215 1966 aliquid
1236 1881 1343 1945 bonae

304 2000 407 2084 fnrgis
430 2000 471 2062 ad
493 1999 720 2084 perpoliendos
742 1999 803 2063 hos
824 1999 925 2063 libros
948 1999 1069 2077 attulit,
1093 2010 1215 2064 ceteros
1232 2012 1342 2066 autem

302 2120 463 2203 Maduigii
484 2119 684 2204 praeclarum
706 2119 878 2203 ingenium
900 2119 1084 2184 antecessit.
1123 2120 1181 2183 sed
1197 2122 1258 2185 etsi
1273 2143 1342 2185 non

303 2241 373 2304 sine
415 2241 577 2304 industria
621 2241 886 2306 emendationum
928 2241 1116 2325 praesertim
1159 2241 1340 2326 antiquitus

302 2360 459 2424 factarum
489 2371 635 2425 auctores
664 2360 839 2443 indagaui,
877 2370 986 2424 tamen
1013 2361 1115 2426 fateor
1145 2382 1275 2445 operam
1303 2361 1340 2422 in

302 2501 338 2544 ea
360 2502 394 2544 re
415 2480 554 2564 positam
576 2502 680 2544 meam
703 2501 853 2544 mancam
876 2480 1010 2558 exiisse,
1039 2491 1202 2544 ettamen
1225 2480 1338 2544 utilius

301 2599 428 2682 putaui,
453 2601 605 2684 progredi
627 2620 692 2684 quo
714 2600 838 2684 possis,
868 2621 968 2684 quam
990 2621 1032 2664 ne
1054 2601 1238 2665 inchoatam
1261 2601 1338 2684 qui-

301 2721 374 2784 dem
403 2721 488 2784 lranc
516 2731 641 2804 partem
669 2722 861 2804 relinquere.
902 2720 994 2784 nolui
1022 2730 1133 2785 autem
1164 2741 1337 2804 congerere

299 2840 459 2923 quidquid
500 2863 519 2904 a
557 2840 729 2924 quibusuis
770 2840 899 2904 labente
937 2851 1080 2924 tempore
1121 2841 1338 2906 coniectatum

299 2960 406 3026 fuerit.
455 2983 532 3024 nam
554 2971 629 3026 ante
651 2971 862 3026 monstratam
885 2982 904 3024 a
925 2960 1093 3044 Maduigio
1117 2961 1205 3026 triam
1227 2972 1260 3026 et
1281 2982 1338 3024 ra·

299 3083 422 3146 tionem
436 3082 677 3165 patefactosque
693 3081 790 3146 Bakii
804 3080 996 3164 Halmiique
1011 3081 1171 3146 beneficio
1194 3080 1337 3145 sincerae

300 3201 475 3284 scripturae
498 3201 605 3265 fontes
628 3201 709 3284 quid
724 3202 844 3266 mirum
858 3202 1007 3266 homines
1023 3201 1134 3264 doctos
1150 3202 1338 3284 ceteroquin

299 3331 331 3383 et
353 3332 465 3384 acutos
489 3342 584 3404 saepe
599 3342 729 3404 operam
745 3322 949 3386 emendando
964 3320 1155 3404 perdidisse,
1180 3332 1212 3384 et
1226 3330 1339 3404 postea

299 3433 412 3523 opinio'
431 3439 651 3524 compluribus
673 3441 809 3524 probata
831 3441 889 3506 sed
911 3439 1011 3504 nullis
1027 3441 1121 3506 certis
1137 3441 1336 3524 argumentis

298 3561 441 3636 firmata,
474 3559 642 3624 inchoatos
670 3582 707 3624 ac
729 3561 825 3626 rudes
847 3560 907 3624 hos
937 3559 1036 3624 libros
1064 3582 1083 3623 a
1105 3561 1260 3624 Cicerone
1283 3581 1335 3624 re-

296 3681 390 3745 lictos
414 3693 446 3744 et
469 3681 697 3746 additamentis
720 3681 845 3746 alienae
867 3701 983 3744 manus
998 3680 1209 3744 multifariam
1225 3688 1335 3743 auctos

297 3811 330 3864 et
352 3800 545 3866 defonnatos
569 3822 649 3879 esse,
675 3800 910 3866 emendationis
933 3800 1097 3864 successui
1119 3821 1186 3863 non
1208 3799 1335 3862 medio-

297 3923 392 3984 criter
414 3920 532 3986 offecit.
572 3921 660 4002 quod
682 3932 794 3984 contra
817 3941 858 3984 eu
888 3920 1042 3984 diuturno
1074 3941 1137 3983 usu
1167 3940 1238 3983 eam
1265 3939 1334 3983 esse

295 4040 411 4104 horum
442 4041 598 4104 librorum
626 4038 851 4104 condicionem
885 4039 967 4105 mihi
995 4039 1161 4125 persuasi,
1193 4039 1333 4124 primurn
