3018 4718
677 325 689 367 1
714 314 808 382 15,11
1214 304 1254 366 37

217 479 405 542 existimare
434 477 545 540 omnia
573 477 659 540 iusta
690 499 776 554 esse,
802 497 885 559 quae
908 475 970 538 site
999 476 1122 539 sintin
1144 497 1255 559 popu-

216 582 325 645 lorum
358 581 518 644 institutis
546 591 603 642 aut
629 579 770 662 legibus.
817 579 976 656 etiamne,
1009 579 1036 642 si
1061 599 1144 662 quae
1164 579 1254 662 leges

219 686 286 748 sint
308 681 538 768 tyrannorum?
562 683 589 746 si
612 683 746 765 triginta
767 681 817 744 illi
832 681 971 744 Athenis
993 681 1082 765 leges
1098 682 1255 765 inponere

218 788 402 850 uoluissent
431 797 488 850 aut
509 787 538 849 si
559 806 672 848 omnes
694 784 912 848 Athenienses
940 785 1176 848 delectarentur
1199 795 1255 868 ty-

218 891 360 954 rannicis
388 889 533 972 legibus,
564 909 645 951 num
674 887 794 951 idcirco
823 909 880 951 eae
907 887 996 972 leges
1022 888 1127 951 iustae
1148 887 1281 950 habe-⁵

218 991 351 1056 rentur?
385 993 502 1070 nihilo,
527 992 633 1069 erede,
657 991 761 1074 magis
783 990 852 1067 illa,
877 1010 975 1074 quam
989 991 1132 1054 interrex
1146 1001 1255 1054 noster

218 1096 312 1173 tulit,
343 1106 380 1159 ut
402 1095 538 1158 dictator
567 1115 664 1177 quem
692 1093 793 1156 uellet
815 1093 939 1158 ciuium
961 1091 1177 1158 indemnatum
1199 1103 1256 1156 eut

216 1199 340 1262 indicto
362 1219 459 1262 cause
487 1198 612 1281 inpune
638 1207 747 1280 posset
769 1195 931 1260 occidere:
964 1207 1013 1260 est
1041 1197 1129 1260 enim
1150 1217 1255 1258 unum

216 1303 288 1378 ine,
325 1323 388 1384 quo
418 1301 571 1364 deuincta
600 1310 648 1363 est
676 1299 848 1364 hominum
878 1299 1013 1362 societas
1036 1310 1069 1362 et
1091 1300 1179 1382 quod
1199 1298 1255 1362 lex

218 1405 388 1468 constituit
425 1425 511 1479 una3
553 1423 636 1486 quae
668 1402 723 1466 lex
756 1413 805 1466 est
836 1412 923 1466 reeta
955 1402 1037 1464 ratio
1073 1401 1256 1486 impetendi
1269 1412 1295 1454 10

218 1519 316 1590 atque
338 1506 550 1590 prohibendi:
583 1527 681 1588 quam
712 1507 769 1589 qui
798 1505 944 1588 ignorat,
969 1505 997 1567 is
1021 1516 1069 1568 est
1098 1505 1254 1582 iniustus,

219 1611 291 1672 siue
322 1619 370 1672 est
399 1609 456 1672 ille
485 1609 602 1693 scripta
629 1608 758 1692 uspiam
790 1609 861 1672 siue
891 1628 1064 1691 nusquam.
1111 1607 1199 1690 quod
1229 1608 1257 1670 si

275 1821 283 1867 1
306 1819 359 1870 lna
376 1817 438 1869 AB
464 1815 566 1868 sancita
588 1815 730 1878 Elaeetus,
756 1815 804 1868 eed
825 1814 894 1867 illud
915 1819 970 1866 tam
988 1819 1056 1867 recte
1081 1813 1135 1867 diei
1153 1811 1258 1867 uidetur

218 1920 298 1971 quom
316 1903 348 1954 de
365 1907 432 1954 orat.
453 1903 475 1954 I
489 1902 530 1965 15,
545 1903 577 1952 65
597 1900 620 1952 si
638 1917 707 1970 quae
725 1899 822 1954 ceteris
839 1899 869 1952 in
886 1898 991 1952 artibus
1011 1907 1059 1952 eut
1082 1897 1180 1952 studiis
1206 1899 1258 1953 sita

218 1997 293 2050 eunt,
313 1994 406 2040 orator
423 1986 532 2056 ignoret
549 1993 710 2057 tantumque
728 2001 761 2039 ea
777 1993 885 2051 teneat,
911 2001 981 2055 quse
1001 1983 1101 2038 sintin
1121 1983 1259 2056 discepta-

218 2089 341 2144 tionibus
360 2097 441 2159 etque
458 2089 488 2142 in
506 2106 558 2141 usn
576 2089 678 2143 lorensi
783 2091 798 2141 2
816 2087 919 2143 &emh
937 2105 997 2141 corr
1013 2087 1110 2142 neliB
1128 2061 1258 2152 &iimlinh

218 2193 279 2228 corr
303 2177 331 2228 in
354 2175 420 2240 neh)
441 2179 468 2228 A
633 2191 681 2244 qut
705 2174 822 2244 legnnu
848 2192 909 2228 corr
930 2189 984 2251 que
1006 2173 1128 2242 legetnu
1152 2176 1180 2228 B
1205 2191 1258 2252 que

217 2261 349 2330 legissent
366 2279 426 2314 eorr
443 2261 572 2330 legelhnt
589 2262 615 2313 A
693 2259 838 2314 3suntR.
852 2261 999 2330 Stephom
1066 2264 1259 2329 tyrrannoqA

217 2367 342 2417 menori
362 2365 390 2418 Β
459 2339 599 2416 ιίίίτὴεηιί
608 2365 679 2428 AB,
700 2365 754 2418 nni
769 2364 839 2433 qood
854 2364 882 2416 in
894 2367 922 2416 A
940 2381 956 2416 a
974 2381 1034 2416 corr
1051 2380 1083 2416 ex
1101 2380 1119 2415 u
1189 2361 1261 2432 legis

219 2467 280 2502 corr
297 2448 326 2502 el
341 2451 404 2503 AB
473 2465 613 2519 imponere
630 2453 658 2504 A
735 2454 817 2502 leut
836 2449 867 2514 si]
888 2448 940 2502 etsi
958 2453 995 2502 A.
1022 2448 1064 2502 W.
1086 2449 1225 2518 numptius

219 2532 387 2587 athemenltl
402 2553 463 2588 corr
480 2535 510 2588 es
525 2536 587 2589 AB
661 2534 828 2606 tyrranmeil
842 2539 870 2590 A
888 2534 1033 2588 manmml
1048 2535 1077 2588 Β
1159 2532 1260 2604 oleg1l

218 2637 280 2672 corr
297 2620 327 2672 el
342 2621 406 2674 AB
511 2621 582 2676 tulta
599 2637 659 2674 corr
675 2622 762 2674 iustae
780 2622 843 2674 AB
947 2618 1146 2673 habererenmr
1164 2621 1192 2674 Β
1209 2619 1258 2672 ha·

217 2706 394 2775 benelrentur
412 2711 439 2760 A
563 2710 577 2757 7
596 2724 647 2760 aut
667 2706 774 2759 mdmte
796 2705 875 2760 caula
895 2705 1060 2759 Heinsionus
1084 2721 1133 2759 aut
1155 2705 1260 2758 melma

219 2809 299 2862 ceula
327 2818 403 2866 teorr
426 2809 574 2863 *uindietae
599 2811 677 2864 ceula
695 2812 723 2865 Β
747 2783 915 2863 *smndteti
939 2808 1017 2862 eausa
1045 2813 1076 2872 (v
1099 2829 1113 2862 e
1138 2811 1210 2872 corr)
1231 2813 1259 2863 A

278 2894 313 2947 Vt
331 2903 379 2947 aut
396 2900 526 2948 constaret
543 2895 731 2950 indemnatum
743 2947 745 2952 ,
756 2896 852 2950 addidi
868 2896 925 2949 coll.
949 2895 1055 2950 Catonis
1076 2895 1151 2948 Orat.
1179 2893 1262 2946 VIII

219 2985 258 3048 fr.
284 2982 293 3030 1
319 2982 359 3048 (p.
380 2982 413 3030 40
432 2981 515 3044 Iord.)
543 2980 637 3034 decem
655 2981 813 3036 hominibus
831 2981 916 3034 uitam
935 2979 1017 3050 eripis
1039 2979 1143 3034 indicta
1165 2996 1258 3046 cause,

220 3063 385 3130 iniudicetie,
404 3065 630 3121 incondemnetis.
662 3073 732 3121 ente
754 3065 857 3120 indicta
880 3083 975 3131 eausa,
1001 3067 1071 3134 qnod
1092 3067 1181 3135 qloesa
1204 3086 1261 3122 esee

220 3153 257 3204 od
274 3149 377 3220 inpune
400 3153 505 3205 omnino
527 3171 580 3206 noo
598 3155 700 3222 pontit,
730 3171 788 3207 mem
818 3153 918 3222 insinua·
940 3152 1094 3204 detrimento
1117 3154 1261 3207 sententiae

221 3237 320 3290 tollitur
337 3256 354 3290 a
372 3238 519 3292 munsime'e
536 3239 690 3292 editonhne:
701 3241 834 3308 frequens
852 3244 890 3292 eet
907 3239 935 3291 in
947 3238 1030 3291 simili
1038 3256 1133 3307 qenere
1148 3239 1260 3294 Graecis

220 3321 338 3392 ἀκρίτους
351 3323 499 3376 ἀποκτεῖναι
515 3325 593 3387 (uelut
603 3324 688 3379 Ieoor.
704 3325 851 3378 Panathen.
868 3326 938 3389 181),
958 3325 1003 3378 uel
1018 3325 1067 3394 πρὸ
1086 3324 1158 3396 δίκης
1177 3324 1259 3378 tovo-

221 3415 300 3460 τῶσαι
320 3407 400 3472 (Pht.
415 3409 480 3462 Fae.
497 3409 577 3464 Mae.
592 3411 617 3474 9,
630 3411 666 3474 2);
687 3412 779 3477 confer
791 3409 910 3480 ἀκρίτους
923 3410 1072 3463 ἀπέκτειναν
1086 3411 1144 3480 πρὶν
1157 3410 1201 3462 καὶ
1213 3411 1258 3470 τὰς

222 3493 420 3553 alvimannum
441 3496 570 3558 [Aeschine.
591 3497 620 3550 in
641 3494 752 3566 Cten'plt.
775 3497 828 3558 79).
861 3502 938 3565 atque
961 3495 1063 3551 indicta
1088 3513 1168 3550 eausa
1191 3499 1261 3565 quod

222 3581 307 3634 mimts
330 3585 368 3633 eet
391 3580 496 3650 ideoque
518 3582 547 3634 in
564 3582 613 3636 hoc
631 3599 709 3636 eausa
732 3583 832 3646 maists,
853 3582 942 3651 poesis
964 3583 1033 3635 enim
1057 3583 1136 3636 etiam
1159 3583 1258 3635 indicta

222 3684 300 3720 cause
312 3667 483 3720 eondmnnori
501 3675 559 3736 (pro
574 3667 602 3721 0.
618 3668 730 3721 Rabirio
742 3671 768 3734 4,
786 3669 836 3733 12),
857 3669 988 3721 eomnwde
998 3669 1059 3722 uoci
1070 3667 1258 3722 indemnatum

217 3769 269 3822 per
286 3759 333 3804 eut
347 3753 508 3820 particulam
531 3753 685 3824 adinvenitur
708 3754 736 3807 in
759 3754 871 3808 similem
885 3755 951 3824 fere
975 3754 1130 3807 sententiam
1157 3755 1201 3807 illi
1226 3755 1257 3808 de

223 3839 295 3891 domo
312 3855 361 3892 suo
381 3839 422 3902 10,
444 3838 476 3890 26
494 3855 550 3891 non
568 3839 651 3892 modo
668 3837 820 3892 indemnati
839 3839 887 3892 sed
906 3856 941 3894 ne
959 3839 1077 3892 accusati
1095 3838 1205 3909 quidem

222 3926 236 3974 8
254 3925 338 3994 possm
357 3941 417 3977 corr
434 3940 465 3976 et
481 3925 543 3978 AB
647 3927 663 3974 9
681 3940 758 3994 quo*
776 3929 804 3978 A
827 3941 880 3994 qvo
906 3932 949 3988 tvo
973 3926 1002 3978 in
1025 3943 1121 3978 rasura
1143 3929 1209 3989 corr]
1230 3929 1259 3981 Β

222 4012 270 4064 fou
286 4007 364 4080 quod
381 4010 427 4062 uel
443 4006 481 4076 qtl
569 4012 600 4062 10
619 4027 689 4080 quae
707 4009 751 4062 lex
769 4027 791 4078 q;
811 4011 858 4064 sed
875 4027 897 4080 q;
917 4027 1020 4064 erasum
1038 4011 1066 4065 B
1148 4011 1213 4064 eil&
1230 4013 1258 4064 in

220 4115 313 4152 rasura
331 4099 360 4152 A
432 4109 509 4164 uneq;
528 4095 572 4149 lex
590 4113 660 4166 quae
679 4095 720 4149 elt
737 4113 813 4148 reeta
830 4095 996 4150 Heinsionus
1077 4099 1104 4148 ll
1125 4097 1262 4168 ignorans
