2990 4720
1180 325 1201 367 V

164 477 289 541 riorum
311 475 444 540 nomine
467 475 709 559 comprehendi,
735 497 871 559 quorum
894 475 1048 540 lectiones
1071 475 1206 540 selectas

164 617 248 680 quas
271 597 306 660 in
329 595 537 679 adnotatione
559 595 654 679 posui
683 615 701 658 c
724 593 868 672 Dauisii,
902 596 1095 674 Goerennfi,
1127 595 1206 660 Mo-

165 716 244 795 sen,
269 715 377 791 saur,
407 714 634 799 Feldhuegelii
658 689 895 780 commeneus
919 715 1044 800 eonegr.
1092 727 1126 780 at
1152 717 1207 779 uer

167 838 216 900 sic
245 846 369 900 restant
397 857 465 899 non
494 855 617 918 paucae
646 835 906 912 emendationes,
946 857 1029 919 quae
1059 837 1136 900 iude
1166 837 1206 900 ab

167 955 293 1019 ultimis
322 965 362 1018 ut
382 955 512 1030 uidetur
534 947 731 1018 editionibus
754 964 947 1039 propagatae
969 965 1053 1018 certo
1077 965 1206 1019 auctore

168 1087 291 1140 carent.
347 1096 428 1158 quas
461 1075 536 1138 licet
569 1072 723 1138 credibile
756 1061 797 1138 sit
829 1095 981 1158 magnam
1018 1085 1143 1158 partem
1176 1086 1207 1138 et

169 1196 257 1279 ipsas
288 1217 305 1258 e
335 1194 501 1258 codicibus
523 1204 686 1278 promptas
715 1191 808 1276 esse,
838 1217 898 1279 ego
925 1217 992 1260 uon
1021 1196 1112 1280 potui
1143 1195 1205 1258 nisi

169 1315 352 1378 editionum
380 1313 511 1378 nomine
542 1315 670 1378 afferre:
707 1315 785 1378 alias
819 1336 930 1378 eorum
957 1315 1117 1380 editorum
1146 1337 1208 1378 no-

168 1435 314 1498 minibus
335 1435 511 1518 insigniui,
543 1435 578 1498 in
602 1455 739 1526 qupmm
760 1435 852 1499 libris
874 1435 1015 1519 primum
1037 1447 1202 1520 apparent.

235 1555 459 1620 Vetustiorum
487 1565 597 1618 autem
619 1533 807 1618 'editionum
834 1575 955 1638 paucas
984 1554 1109 1620 tautum
1138 1567 1208 1619 tra-
1300 1539 1303 1546 ⁴

168 1676 268 1751 omui,
293 1674 417 1738 nullam
440 1674 656 1758 antiquiorem
678 1675 879 1738 Ascensiana
901 1695 929 1737 a.
956 1695 1080 1753 unxxr,
1111 1697 1207 1758 quam

170 1796 293 1879 exeipit
315 1815 364 1871 ea,
390 1815 453 1877 qua
475 1797 591 1858 Petrus
613 1791 779 1884 Victorius
804 1815 832 1857 a.
859 1815 1015 1858 nnuxxiu
1045 1805 1078 1859 et
1107 1796 1207 1859 uerba

169 1915 336 1980 Ciceronis
360 1914 532 1998 castigauit
555 1925 587 1978 et
608 1914 829 1978 difficiliomm
844 1917 1048 1998 quorundam
1063 1916 1207 1979 locorum

169 2035 397 2119 castigationes
421 2035 619 2118 explanauit.
667 2027 950 2100 deinde-Roberti
974 2035 1133 2119 Stephani
1162 2035 1205 2098 li-

169 2156 265 2218 brum
294 2177 323 2217 a.
356 2175 560 2231 nnxxxvm,
592 2154 645 2218 cui
672 2175 740 2219 non
771 2155 885 2218 dubito
913 2157 1094 2240 principem
1124 2156 1209 2219 inter

168 2275 260 2340 illius
283 2275 397 2338 aetatis
420 2276 578 2339 editiones
600 2260 709 2361 locum
731 2275 907 2360 assignare,
932 2299 995 2360 quo
1017 2277 1098 2340 libro
1122 2277 1209 2359 quod

168 2395 309 2459 Victorii
331 2416 458 2478 quoque
483 2394 732 2478 ‘castigationes’
757 2406 903 2479 receptae
927 2407 1013 2470 sunt,
1041 2417 1209 2481 perperam

170 2539 190 2578 a
219 2514 389 2580 nonnullis
417 2535 474 2599 pro
496 2513 686 2580 Victoriana
714 2516 879 2602 habetur,¹
895 2538 991 2600 quam
1020 2517 1056 2580 in
1086 2517 1137 2580 his
1167 2516 1208 2580 de

170 2636 301 2719 legibus
323 2633 414 2699 libris
442 2635 553 2698 multis
581 2605 769 2700 nominibub
798 2647 937 2719 superat.
986 2646 1148 2720 praeterea
1178 2646 1209 2700 et

171 2755 350 2818 Camerarii
372 2754 548 2820 editionem
573 2776 600 2818 a.
628 2773 723 2820 unxi,
746 2756 965 2820 Ascensianae
980 2757 1209 2821 Victoriauae-

171 2896 235 2958 que
268 2874 458 2940 similiorem
489 2875 580 2940 illam
613 2897 709 2959 quam
744 2875 982 2960 Stephanianae
1014 2875 1143 2940 uersaui
1177 2887 1210 2939 et

172 3017 245 3058 eam
272 3017 354 3078 quae
382 3015 423 3057 ex
445 2996 553 3060 Caroli
576 2996 733 3080 Stephani
763 2997 893 3059 officina
921 3020 948 3060 a.
974 3017 1105 3060 unnuu
1133 3016 1209 3078 pro·

173 3115 245 3190 diit‚
277 3115 313 3176 iu
337 3135 400 3197 qua
422 3136 504 3198 quae
527 3133 566 3180 ex
594 3115 723 3180 ‘uetere’
748 3117 942 3180 adnotantur
970 3116 1126 3181 lectiones
1156 3137 1209 3180 eas

173 3234 342 3298 sciendum
366 3235 472 3298 estin
494 3235 546 3300 his
568 3235 698 3319 quidem
721 3235 812 3299 libris
834 3257 902 3300 non
920 3252 989 3300 esse
1007 3259 1024 3299 e
1040 3236 1209 3300 codicibus

174 3356 232 3418 sed
268 3376 286 3417 e
323 3355 555 3419 uetustioribus
593 3356 788 3420 editionibus
824 3355 926 3420 ueluti
963 3356 1099 3420 Roberti
1133 3356 1210 3420 Ste-

129 3473 274 3558 sphani
309 3489 486 3558 excerptas.
550 3475 692 3558 denique
725 3475 975 3540 Lambinianam
1008 3494 1036 3540 a.
1063 3495 1208 3552 unnxv,

174 3615 257 3677 quae
280 3593 349 3657 sola
370 3615 480 3658 ueram
503 3595 654 3658 Lambini
676 3597 898 3660 recensionem
921 3595 1064 3673 exhibet,
1101 3597 1156 3679 qui
1180 3605 1211 3659 et

173 3714 312 3777 correxit
333 3715 492 3778 nonnulla
515 3716 610 3780 tacite
632 3727 663 3780 et
685 3717 749 3780 alia
776 3717 820 3780 in·
843 3715 962 3780 additis
993 3715 1212 3780 adnotationi-

173 3834 235 3896 bus
257 3832 445 3917 explicauit.
526 3899 532 3908 ,

239 3955 348 4036 Atque
374 3953 411 4016 hi
439 3955 569 4038 quidem
596 3955 706 4040 legum
735 3956 835 4020 libros
862 3976 928 4021 uua
958 3976 1034 4020 eum
1063 3955 1212 4040 pluribus

174 4081 231 4135 aut
271 4073 420 4138 omnibus
454 4075 619 4140 Ciceronis
661 4077 785 4160 scriptis
826 4074 1060 4158 uulgauerunt:
1102 4097 1213 4140 eorum
