3018 4718
283 268 327 328 74
744 286 770 328 11
794 277 819 341 8,
838 277 870 326 19

282 437 536 513 adhibento,
562 458 659 520 opes
682 447 916 500 amouento.
963 437 1035 520 qui
1057 458 1175 501 secus
1196 437 1325 515 faxit,

285 541 385 604 deus
406 540 496 623 ipse
520 539 678 602 uindex
701 540 792 604 erit.

352 643 576 726 Separatim
597 664 710 706 nemo
733 642 919 706 habessit
948 643 1045 706 deos
1074 665 1177 707 neue
1200 666 1328 708 nouos

286 769 389 811 neue
417 746 595 809 aduenas
629 745 712 808 nisi
744 745 910 829 publice
945 746 1144 823 adscitos;
1185 749 1327 831 priua-

255 851 356 914 ³tim
378 848 544 913 colunto
567 871 666 932 quos
688 849 766 912 tite
789 871 809 912 a
830 848 1022 932 patribus
1047 874 1065 907 a
1088 875 1106 909 a

350 953 532 1016 Delubra
562 952 758 1016 habento:
789 952 905 1014 lucos
934 952 976 1015 in
1006 953 1120 1034 agris
1143 953 1326 1019 habento

285 1066 324 1119 et
356 1056 503 1120 Larum
536 1055 662 1118 sedes.
720 1054 826 1118 ritus
866 1053 1051 1118 familiae
1082 1067 1326 1141 patrumque

288 1167 494 1222 seruanto.

350 1261 478 1324 Diuos
501 1270 541 1323 et
562 1282 642 1338 eos,
667 1261 736 1344 qui
758 1259 963 1324 caelestes
986 1282 1143 1345 semper
1165 1263 1323 1341 habiti,

248 1363 473 1440 ¹⁰colunto,
514 1374 553 1427 et
585 1362 707 1441 ollae,
750 1385 848 1446 quos
886 1364 989 1427 endo
1026 1365 1138 1428 caelo
1175 1367 1327 1430 merita

284 1466 535 1544 locauerint,
582 1466 820 1543 Herculem,
866 1467 1073 1545 Liberum,
1122 1469 1325 1532 Aescula-

285 1673 466 1740 adlhrbenlto
480 1680 590 1743 praetor
606 1674 722 1743 syllabae
739 1673 853 1726 acchuae
870 1673 899 1725 ia
917 1690 1013 1727 rasura
1024 1674 1059 1736 A,
1081 1691 1157 1744 quem
1174 1693 1207 1728 aa
1225 1675 1325 1778 depactas

284 1782 346 1829 cate
365 1777 473 1828 lituram
490 1777 581 1830 cadam
599 1777 717 1840 tenuisse,
739 1793 805 1846 quae
824 1776 945 1844 laquata
962 1777 990 1830 ia
1008 1776 1036 1828 B
1159 1778 1171 1828 l
1193 1777 1285 1847 operpl'
1302 1779 1328 1830 B

283 1858 390 1931 opesss
412 1864 459 1915 secl
482 1861 495 1914 1
516 1883 529 1916 e
553 1879 613 1915 corr
631 1865 657 1916 A
664 1883 672 1926 ,·
699 1879 731 1915 ce
754 1862 886 1930 emptura
910 1859 990 1931 operi
1008 1861 1114 1915 uidetur
1136 1863 1203 1916 illud
1226 1864 1324 1932 opens,

286 1965 357 2034 qaod
374 1965 452 2018 etiam
469 1969 497 2019 A
515 1965 603 2018 babuit
621 1971 681 2018 anta
699 1981 830 2028 rasuram,
852 1969 938 2017 ortam
955 1980 1010 2018 asae
1124 1930 1232 2036 secuturus
1247 1967 1275 2019 B

284 2051 441 2105 Lactantius
458 2051 527 2105 last.
549 2052 601 2104 alia.
623 2052 730 2113 V20,3
749 2049 844 2104 Cicero
863 2049 892 2102 in
910 2048 966 2102 suis
983 2048 1099 2119 legibus,
1120 2068 1182 2104 cum
1200 2060 1273 2106 caste
1291 2053 1326 2106 ad

283 2135 417 2190 sacrificia
432 2135 600 2208 praeciperet
616 2136 753 2202 accedere,
779 2135 917 2206 pietatem,
944 2135 1043 2205 inquit,
1070 2135 1233 2200 adhibento,
1259 2155 1325 2208 opes

284 2245 448 2293 amouento:
469 2239 517 2309 qui
535 2256 612 2292 secus
631 2238 708 2304 faxit,
728 2239 796 2292 deus
814 2239 873 2309 ipse
891 2238 994 2292 uindex
1011 2238 1063 2294 erit
1139 2241 1154 2292 3
1172 2213 1277 2310 habeus
1291 2238 1327 2294 sit

282 2340 370 2411 detur
384 2341 412 2393 a
433 2343 485 2409 (aa)
507 2340 612 2396 heser*
632 2341 667 2395 ss
684 2339 750 2394 sear
766 2359 844 2417 sess
863 2326 1048 2420 spissioris
1066 2344 1125 2408 aa:
1145 2344 1253 2413 epam
1271 2350 1297 2396 a
1316 2343 1329 2396 s

282 2446 313 2498 a'a
330 2443 418 2498 hebes
431 2465 445 2498 e
463 2463 531 2510 corr,
551 2445 587 2498 ha
604 2447 632 2498 ia
642 2447 704 2516 fiac
721 2461 812 2498 acratas
830 2445 974 2505 obscuram)
993 2449 1021 2499 A
1091 2441 1179 2498 noubs
1194 2448 1257 2502 AB

285 2527 366 2584 ledae
394 2533 428 2594 (u
446 2547 507 2584 corr
529 2532 557 2583 ia
577 2533 606 2596 a)
629 2530 758 2584 aduena*
781 2531 846 2594 (fait
872 2529 1002 2595 aduenas)
1024 2532 1083 2584 AB
1112 2548 1182 2586 neue
1206 2531 1326 2586 aduenas

283 2634 426 2688 Manutius
444 2633 493 2687 sed
510 2651 559 2687 nec
577 2633 697 2688 aduenas
715 2634 860 2688 Lambinus
930 2599 1050 2702 lpulrce
1069 2636 1094 2684 A
1164 2631 1282 2688 adscitos
1297 2637 1326 2689 B

336 2719 451 2774 colunto
469 2717 608 2801 quostntp
631 2720 698 2789 (fait
713 2723 790 2798 tute)
812 2737 828 2773 a
844 2715 973 2788 patribus
988 2717 1016 2770 B
1039 2719 1152 2774 colunto
1171 2719 1242 2789 quos
1255 2737 1326 2774 trita

281 2839 316 2876 ea
333 2820 461 2893 patribus
475 2823 640 2876 Heinsiaaas
658 2822 795 2876 colunto*
813 2821 905 2892 quos*
923 2840 1017 2876 ntes*
1030 2840 1046 2875 a
1056 2822 1185 2892 pambus
1203 2822 1324 2888 (colunto

283 2910 311 2962 t'a
329 2912 433 2972 rasura)
443 2913 480 2974 A,
500 2909 529 2962 ia
546 2927 596 2978 qao
614 2907 676 2962 item
694 2906 764 2979 quos
777 2925 862 2963 tntae
874 2909 964 2978 faisse
982 2914 1102 2977 apertum
1120 2915 1158 2962 est
1209 2909 1323 2962 colunto

283 3012 353 3063 quos
371 2995 422 3049 rite
441 3012 457 3048 a
474 2995 597 3064 patribus
615 2994 714 3062 <cultos
733 2994 898 3063 acceperint>
916 2995 1073 3064 Madaiqt'as
1094 2995 1161 3066 Opp.
1181 2993 1221 3046 ΙΙ
1240 2996 1289 3046 131

336 3079 484 3133 tidelubra
501 3081 530 3133 in
549 3081 662 3134 urbibus
681 3082 717 3134 R.
739 3081 886 3150 Stephanus
972 3077 1134 3154 lbcosAB·
1183 3083 1322 3150 ipatus-

282 3182 337 3234 que
356 3168 419 3220 AB
442 3167 600 3236 patriaeque
624 3168 803 3230 Aecaaaiaaa,
839 3167 993 3221 Victoriana
1015 3173 1178 3236 patrumque
1203 3167 1240 3219 R.
1263 3169 1323 3221 Ste-

276 3251 391 3319 phanae,
414 3253 505 3320 confer
522 3253 609 3318 1111,
622 3253 653 3302 27
673 3252 741 3305 ritus
759 3251 877 3306 familiae
895 3258 1058 3322 patrumque
1148 3252 1163 3302 8
1182 3247 1321 3306 lamento·

284 3333 365 3390 dtuol'
382 3335 439 3400 (o·d
457 3337 486 3389 ia
504 3355 599 3391 rasura
617 3341 685 3403 corr)
708 3339 734 3388 A
865 3340 880 3390 9
900 3335 973 3410 semp
991 3337 1197 3408 superstratum
1215 3340 1244 3392 B

287 3441 318 3491 1o
339 3438 452 3492 colunto
475 3443 514 3504 (co
532 3440 561 3493 ia
578 3425 681 3504 rasura]
704 3442 730 3491 A
801 3415 889 3495 ebllos
904 3444 932 3496 B
950 3411 1040 3495 iollas
1055 3442 1081 3492 A
1174 3412 1324 3518 enrigcaell

283 3560 384 3596 menta
402 3562 418 3593 s
436 3559 599 3597 uocauerant
627 3543 656 3606 (a
679 3545 707 3596 ia
732 3561 830 3597 menta
853 3561 922 3612 corr,
946 3549 1013 3614 puto
1037 3561 1120 3598 ment
1144 3561 1325 3599 auocauermt

273 3647 375 3716 saitae)
395 3651 422 3701 A
440 3621 512 3723 end&
530 3644 723 3724 caelblmerua
740 3650 937 3703 uocauenntB
977 3648 1133 3702 Lactantius
1151 3647 1221 3702 laet.
1238 3649 1291 3702 aia.
1308 3651 1327 3704 1

286 3752 326 3812 15,
337 3751 369 3802 23
383 3767 446 3803 nam
459 3749 492 3802 de
502 3749 618 3819 legibus,
639 3768 693 3820 quo
712 3751 741 3804 in
759 3768 840 3821 opere
852 3751 995 3806 Platonem
1015 3757 1124 3805 secutus
1142 3750 1217 3820 leges
1234 3751 1325 3805 uoluit

282 3851 400 3904 ponere,
427 3834 526 3904 quibus
547 3843 657 3905 putaret
675 3854 786 3890 usuram
805 3855 863 3892 esse
882 3837 981 3891 iustam
1000 3843 1029 3889 et
1051 3835 1203 3905 sapientem
1227 3836 1324 3890 ciuita-

283 3927 349 3984 tem,
371 3919 403 3973 de
422 3919 554 3989 religione
572 3921 611 3974 ita
628 3923 731 3975 sanxit:
757 3922 836 3976 diuos
860 3930 888 3977 et
912 3941 973 3988 eos,
1001 3921 1049 3992 qui
1067 3922 1197 3976 caelestes
1216 3940 1324 3993 semper

283 4004 370 4058 habiti
388 4011 482 4070 sunt,
503 4005 615 4060 colunto
634 4015 662 4060 et
679 4007 750 4072 illos,
771 4025 840 4078 quos
853 4009 882 4061 in
895 4009 970 4063 caelo
989 4008 1085 4062 merita
1103 4009 1321 4073 locauerunt,

283 4089 441 4157 Herculem,
460 4091 600 4160 Liberum,
613 4093 815 4163 Aesculapium,
832 4093 983 4162 Castorem,
997 4093 1148 4156 Pollucem,
1164 4092 1321 4152 Quirinum.
